@STRING{TRB = {Transportation Research Part B: Methodological}}

@inproceedings{networkx,
	Author = {Aric A. Hagberg and Daniel A. Schult and Pieter J. Swart},
	Booktitle = {Proceedings of the 7th Python in Science Conference (SciPy2008)},
	Date-Added = {2015-07-08 23:16:57 +0000},
	Date-Modified = {2015-07-08 23:24:46 +0000},
	Editor = {G{\"a}el Varoquaux and Travis Vaught and Jarrod Millman},
	Journal = {Proceedings of the 7th Python in Science Conference (SciPy2008)},
	Pages = {11--15},
	Title = {Exploring network structure, dynamics, and function using NetworkX},
	Year = {2008}}

@misc{pmj,
	Date-Added = {2015-06-06 14:53:26 +0000},
	Date-Modified = {2015-06-30 21:10:35 +0000},
	Org-Short = {PMJ},
	author = {{Prefeitura Municipal de Joinville (PMJ)}},
	Url = {https://www.joinville.sc.gov.br},
	Year = {2015},
	Bdsk-Url-1 = {https://www.joinville.sc.gov.br}}

% ------------------------------------------------------------------------------
@ARTICLE{Bell2009,
  author = {Bell, M. G. H.},
  title = {Hyperstar: {A} multi-path Astar algorithm for risk averse vehicle
	navigation},
  journal = {Transportation Research Part B: Methodological},
  year = {2009},
  volume = {43},
  pages = {97--107},
  number = {1},
  date-modified = {2015-07-05 08:18:47 +0000},
  publisher = {Elsevier}
}

@ARTICLE{Bell2012,
  author = {Bell, M.G.H. and Trozzi, V. and Hosseinloo, S.H. and Gentile, G.
	and Fonzone, A.},
  title = {Time-dependent {Hyperstar} algorithm for robust vehicle navigation},
  journal = {Transportation Research Part A: Policy and Practice},
  year = {2012},
  volume = {46},
  pages = {790--800},
  number = {5},
  publisher = {Elsevier},
  timestamp = {2015.07.05}
}

@INPROCEEDINGS{Ito2015,
  author = {Ito, Myu and Fukuda, Daisuke and Ma, Jiangshan},
  title = {Development of hyperpath-based risk-averse route guidance system and its verification},
  booktitle = {51st Conference of Infrastructure Planning and Management, Japan Society for Civil Engineers (in Japanese) {\rm (in Japanese)}},
  year = {2015},
  organization = {Japan Societiy for Civil Engineers},
  owner = {DAF},
  timestamp = {2015.07.05}
}

@ARTICLE{Ma2013,
  author = {Ma, Jiangshan and Fukuda, Daisuke and Schm{\"o}cker, Jan-Dirk},
  title = {Faster hyperpath generating algorithms for vehicle navigation},
  journal = {Transportmetrica A: Transport Science},
  year = {2013},
  volume = {9},
  pages = {925--948},
  number = {10},
  publisher = {Taylor \& Francis}
}

@ARTICLE{Oguchi2003,
  author = {Oguchi, Takashi and Satoh, Takayuki and Katakura, Masahiko and Shikata,
	Shigenori},
  title = {Analysis of traffic congestion and route choice behavior influenced
	by traffic information},
  journal = {International Journal of {ITS} Research},
  year = {2003},
  volume = {1},
  pages = {75--82},
  number = {1},
  timestamp = {2015.07.05}
}

@ARTICLE{Spiess1989,
  author = {Spiess, H. and Florian, M.},
  title = {Optimal strategies: A new assignment model for transit networks},
  journal = {Transportation Research Part B: Methodological},
  year = {1989},
  volume = {23},
  pages = {83--102},
  number = {2},
  date-modified = {2015-07-05 08:20:04 +0000},
  publisher = {Elsevier}
}

@ARTICLE{Yamada2013,
  author = {Yamada, Kaoru and Ma, Jiangshan and Fukuda, Daisuke},
  title = {Simulation Analysis of the Market Diffusion Effects of Risk-averse
	Route Guidance on Network Traffic},
  journal = {Procedia Computer Science},
  year = {2013},
  volume = {19},
  pages = {874--881},
  publisher = {Elsevier}
}

@ARTICLE{JourquinLimbourg_EJTIR_2006,
  AUTHOR = {Jourquin, Bart and Limbourg, Sabine},
  TITLE = {Equilibrium traffic assignment on large Virtual Networks: Implementation issues and limits for multi-modal freight transport},
  JOURNAL = {{European Journal of Transport and Infrastructure Research}},
  volume = {6},
  number = {3},
	pages  = {205-228},
  YEAR = 2006,
}

@incollection{erath_using_smartcard_data,
	title = {Using smartcard data for agent-based transport simulation: the case of {Singapore}},
	booktitle = {Public {Transport} {Planning} with {Smart} {Card} {Data}},
	publisher = {Taylor \& Francis},
	author = {Erath, Alexander and Fourie, Pieter J. and Ordonez, S.},
	editor = {Schmoecker, Jan-Dirk and Kurauchi, Fumitaka},
       year = {in preparation},
}


@ARTICLE{FloetteroedLaemmel2014BiPedFnd,
  author = {Fl\"otter\"od, G. and L{\"a}mmel, G.},
  title = {Bidirectional pedestrian fundamental diagram},
  journal = TRB,
  year = {2015},
  volume = {71},
  pages = {194-212},
  owner = {laemmel},
  timestamp = {2014.01.31},
}
@MASTERSTHESIS{Hugenbusch2012Bachelor,
  AUTHOR = {Hugenbusch, D.},
  TITLE = {{Simulation of Evacuation Scenarios Using MATSim. Case Study on Hamburg}},
  SCHOOL = {University of Kiel},
  YEAR = {2012},
  address = {Kiel},
  url = {http://matsim.org/node/796},
  type = {B.S. Thesis}
}

@BOOK{Rodr2006HBoDisasterResearch,
  editor = {Rodr\'{i}guez, H. and Quarantelli, E.L. and Dyness, R.},
  title = {Handbook of Disaster Research},
  publisher = {Springer},
  series = {Series: Handbooks of Sociology and Social Research},
  year = {2006},
	address = {Berlin}
}
@INCOLLECTION{DurstAtAl2012PEDGRIPSAppl,
  author = {Durst, D. and L{\"a}mmel, G. and Kl{\"u}pfel, H.},
  title = {Large-scale Multi-Modal Evacuation Analysis with an Application to
        {H}amburg},
  year = {2014},
  pages = {361--369},
  crossref = {pedProc-book12}
}

@MISC{BVG2012,
  author = {{BVG, Berliner Verkehrsbetriebe}},
  title = {Zahlenspiegel 2013},
  howpublished = {online},
  month = {12},
  year = {2012},
  owner = {user},
  timestamp = {2013.04.08},
  url = {http://www.bvg.de}
}

@MISC{PTV2013,
  author = {{PTV}},
  title = {{PTV AG: PTV Planung Transport Verkehr AG}},
  year = {2013},
  owner = {user},
  timestamp = {2013.04.08},
  url = {http://www.ptvgroup.com}
}

@MISC{Senozon2013,
  author = {{Senozon}},
  title = {{Senozon AG: understanding mobility}},
  howpublished = {http://www.senozon.com},
  year = {2013},
  owner = {user},
  timestamp = {2013.04.08},
  url = {http://www.senozon.com}
}

@MISC{VISUM2013,
  author = {{PTV}},
  title = {{PTV VISUM}},
  year = {2013},
  owner = {user},
  timestamp = {2013.04.08},
  url = {http://vision-traffic.ptvgroup.com/en-us/products/ptv-visum/}
}

@MISC{VSP2013,
  author = {{VSP}},
  title = {{Transport Systems Planning and Transport Telematics, Technische
	Universit{\"a}t Berlin (TU Berlin)}},
  year = {2012},
  owner = {user},
  timestamp = {2013.04.08},
  url = {http://www.vsp.tu-berlin.de}
}

@MISC{JOSM2014,
  author = {{JOSM}},
  title = {{Java OpenStreetMap Editor}},
  year = {2014},
  owner = {user},
  timestamp = {2014.10.31},
  url = {https://josm.openstreetmap.de/}
}

@UNPUBLISHED{OpenStreetMap2014,
  author = {{OpenStreetMap}},
  title = {{Map data {\copyright} OpenStreetMap contributors, CC BY-SA}},
  year = {2014},
  owner = {user},
  timestamp = {2014.10.31},
  url = {http://www.openstreetmap.org}
}






@INPROCEEDINGS{RonThoWin2015,
  author = {Nicole Ronald and Russell G. Thompson and Stephan Winter},
  title = {A comparison of constrained and ad-hoc demand-responsive transportation
	systems},
  booktitle = {94th Transportation Research Board Annual Meeting, Washington, D.C., January 2015.},
  year = {2015},
  date-added = {2014-09-22 06:12:30 +0000},
  date-modified = {2014-09-22 06:17:16 +0000},
  owner = {nronald},
  timestamp = {2014.11.06}
}

@RESEARCHREPORT{ParsonsBrinckerhoff_ResRep_NYBPM_2005,
  AUTHOR = {{Parsons Brinckerhoff}},
  TITLE = {Transportation Models and Data Initiative - New York Best Practice Model (NYBPM)},
  CLIENT = {{New York Metropolitan Transportation Council (NYMTC)}},
  INSTITUTION = {Parsons Brinckerhoff Quade \& Douglas, Inc.},
  YEAR = {2005},
  TYPE = {Final Report},
  address = {New York},
  url = {http://www.nymtc.org/project/bpm/model/bpm_finalrpt.pdf},
}

@RESEARCHREPORT{ParsonsBrinckerhoff_ResRep_NYBPM_2009,
  AUTHOR = {{Parsons Brinckerhoff}},
  TITLE = {{New York Best Practice Model (NYBPM) For Regional Travel Demand Forecasting - NYBPM User Documentation BPM 2005 Update}},
  CLIENT = {New York Metropolitan Transportation Council (NYMTC)},
  INSTITUTION = {Parsons Brinckerhoff Quade \& Douglas, Inc.},
  YEAR = {2009},
  TYPE = {Final Report},
  address = {New York},
  url = {http://www.nymtc.org/project/bpm/BPM%20updates%20111811/NYMTC%20BPM%20User%20Documentation%20090916.pdf},
}


@misc{fhwa2013,
  author = "{Federal Highway Administration}",
	title = "{Urban Congestion Report}",
  howpublished = "Website",
  month= "March",
	year = "2013",
	note = {\url{http://www.ops.fhwa.dot.gov/perf_measurement/ucr/reports/fy2013_q2.htm}}
}

@article{wilson2008,
 author      = {Peter Wilson},
 title       = "Venezuela: Land of 12-Cent Gas",
 journal     = "Businees Week",
 month      =  "May",
 year        = "2008"
}

@misc{turnbull1990,
  title = {High-Occupancy Vehicle Project Case Studies History and Institutional Arrangements},
  author = {Turnbull, Katherine F},
	howpublished = "Website",
	publisher = "{Federal Highway Administration}",
  year = {1990}
}

@book{gartner2001,
  title={Traffic Flow Theory: A State-of-the-art Report},
  author={Gartner, N.H. and Messer, C.J. and Rathi, A.K. and Committee on Traffic Flow Theory and Characteristics},
  year={2001},
  publisher={Committe on Traffic Flow Theory and Characteristics}
}

@article{karmarkar1984,
year={1984},
issn={0209-9683},
journal={Combinatorica},
volume={4},
number={4},
doi={10.1007/BF02579150},
title={A new polynomial-time algorithm for linear programming},
url={http://dx.doi.org/10.1007/BF02579150},
publisher={Springer-Verlag},
keywords={90 C 05},
author={Karmarkar, N.},
pages={373-395},
language={English}
}

@Article{KickhoeferKern_TRD_2015,
title = {Pricing local emission exposure of road traffic: An
agent-based approach},
author = {Kickh{\"o}fer, B. and Kern, J.},
journal = {Transportation Research Part D: Transport and Environment},
year = {forthcoming},
doi = {10.1016/j.trd.2015.04.019}
}

@INCOLLECTION{jackref,
  author = {Michael Winikoff},
  title = {JACK Intelligent Agents: An Industrial Strength Platform},
  booktitle = {Multi-Agent Programming: Languages, Platforms and Applications},
  publisher = {Springer},
  year = {2005},
  editor = {Rafael H. Bordini and Mehdi Dastani and J{\"u}rgen Dix and Amal El
	Fallah-Seghrouchni},
  volume = {15},
  series = {Multiagent Systems, Artificial Societies, and Simulated Organizations},
  pages = {175-193},
  isbn = {0-387-24568-5}
}

@BOOK{jason,
  title = {Programming Multi-agent Systems in {AgentSpeak} Using {Jason}},
  publisher = {Wiley},
  year = {2007},
  author = {Rafael H. Bordini and Jomi Fred H{\"u}bner and Michael Wooldridge},
  address = {New York},
}
@INPROCEEDINGS{jadex2005,
  author = {Lars Braubach and Alexander Pokahr and Winfried Lamersdorf},
  title = {Jadex: A {BDI} Agent System Combining Middleware and Reasoning},
  booktitle = {Software Agent-Based Applications, Platforms and Development Kits},
  editor = {Rainer Unland, Matthias Klusch, Monique Calisti},
  year = {2005},
  pages = {143-168}
}



@book{prometheusbook,
 author = {Padgham, Lin and Winikoff},
 title = {Developing Intelligent Agent Systems: A Practical Guide},
 year = {2004},
 publisher = {Wiley},
 address = {New York},
} 

@inproceedings{benfield,
  author = {Steve S. Benfield and Jim Hendrickson and Daniel Galanti},
  title = {{Making a strong business case for multiagent technology}},
  booktitle = {Proceedings of Autonomous Agents and Multi-Agent Systems (AAMAS)},
  year = {2006},
  pages={10--15},
  xdoi = {http://doi.acm.org/10.1145/1160633.1160938},
  xisbn = {1-59593-303-4},
  location = {Hakodate, Japan},
  editor = {Hideyuki Nakashima, Michael Wellman, Gerhard
                  Weiss  and Peter Stone} 
}

@article{ecai,
  title={{Integrating BDI Agents into a MATSim Simulation}},
  author={Padgham, Lin and Nagel, Kai and Singh, Dhirendra and Chen, Qingyu},
  journal={Frontiers in Artificial Intelligence and Applications},
  volume={263},
  number={ECAI 2014},
  pages={681--686},
  year={2014},
  publisher={IOS Press}
}
 
@BOOK{Mikheeva_2008,
  AUTHOR = {Mikheeva, T.I.},
  TITLE = {Structural-parametric synthesis of intelligent transport systems},
  PUBLISHER = {Samara scientific center of RAS},
  YEAR = {2008},
  address = {Samara},
} 
 
@BOOK{MikheevaEtAl_2012,
  AUTHOR = {Mikheeva, T.I and S.V. Mikheev and O.N. Saprykin},
  TITLE = {Neural models of heterogeneous spatial coordinated data},
  PUBLISHER = {Factor i K},
  YEAR = {2012},
  volume = {3},
  series = {Programmnye producty i sistemy},
  address = {Tver},
}
 
@BOOK{Autodor_2013,
  AUTHOR = {Autodor},
  TITLE = {Recommendations for forecasting the intensity of traffic on the toll road sections of the state company "Avtodor" and the proceeds of their exploitation},
  PUBLISHER = {Basic Books},
  YEAR = {2013},
  address = {Moscow},
} 
 
@BOOK{Shvetsov_2003,
  AUTHOR = {Shvetsov, V.I.},
  TITLE = {Mathematical modeling of traffic flows},
  PUBLISHER = {Kluwer Academic Publishers-Plenum Publishers},
  YEAR = {2003},
  volume = {64(11)},
  series = {Automation and Remote Control},
}
 
@BOOK{SaprykinaEtAl_2012,
  AUTHOR = {Saprykina, O. and T. Mikheeva, O. Saprykin},
  TITLE = {Realization calculation model of matrices of correspondence for transport network, paper presented at The 14th International Workshop on Computer Science and Information Technologies (CSIT'2012)},
  PUBLISHER = {USATU},
  YEAR = {2012},
  address = {Moscow},
}
 
@BOOK{SaprykinaEtAl_2014,
  AUTHOR = {Saprykina, O. and O. Saprykin},
  TITLE = {The detection algorithm of concentration points of traffic flows on the road network in GIS},
  PUBLISHER = {Inteltrans},
  YEAR = {2014},
  volume = {1},
  series = {IT\&Transport},
  address = {Samara},
}
 
@BOOK{Nurminski_2009,
  AUTHOR = {Nurminski, E.A. and I.N. Pugachev and N.B. Shamray},
  TITLE = {Modeling Car Correspondence Regional Transport System (on Example of the Irkutsk Area)},
  PUBLISHER = {Vestnik TOGU},
  YEAR = {2014},
  volume = {4(35)},  
  address = {Vladivostok},
} 

@booklet{Follmer2010MiD,
author = {Follmer, Robert and Gruschwitz, Dana and Jesske, Birgit and Quandt, Sylvia and Lenz, Barbara and Nobis, Claudia and K\"{o}hler, Katja and Mehlin, Markus},
institution =   {infas/DLR},
title = {{Mobilit\{\"{a}\}t in Deutschland -- Ergebnisbericht}},
year = {2010}
}

@MISC{ProtocolBuffers_Webpage_2015,
  AUTHOR = {{Google Developers}},
  TITLE = {{Protocol Buffers}},
  YEAR = {2015},
  howpublished = {webpage},
  month = {December},
  url = {https://developers.google.com/protocol-buffers/},
}

@UNPUBLISHED{HeyndrickxEtAl_unpub_TRB_2016,
  AUTHOR = {Heyndrickx, C. and Rodric, F. and Bösch, P. M. and Ciari, F.},
  TITLE = { Benefits of informing travellers in case of extreme precipitation events: A model based case study for {Z}urich using {MATS}im},
  NOTE = {presentation, the 95th Annual Meeting of the Transportation Research Board, Washington, D.C., January},
  YEAR = {2016},
}

% -----------
@ARTICLE{SandersSchultes_LNCS_2007,
  AUTHOR = {Sanders, P. and Schultes, Dominik},
  TITLE = {Engineering Fast Route Planning Algorithms},
  journal = Lecture Notes in Computer Science,
  year = {2017},
  volume = {4525},
  pages = {23--36},
	publisher = {Springer},
  address = {Heidelberg}
}

