% This file was created with JabRef 2.9.2.
% Encoding: UTF8

@INCOLLECTION{MaciejewskiNagel2012OfflineDVRPMATSimPPAM,
  author = {Maciejewski, Michal and Nagel, Kai},
  title = {Towards Multi-Agent Simulation of the Dynamic Vehicle Routing Problem
	in {MATSim}},
  booktitle = {Parallel Processing and Applied Mathematics},
  publisher = {Springer Berlin Heidelberg},
  year = {2012},
  editor = {Wyrzykowski, Roman and Dongarra, Jack and Karczewski, Konrad and
	Wasniewski, Jerzy},
  volume = {7204},
  series = {Lecture Notes in Computer Science},
  pages = {551-560},
  doi = {10.1007/978-3-642-31500-8_57},
  isbn = {978-3-642-31499-5},
  keywords = {dynamic; on-line; vehicle routing; optimization; DVRP; multi-agent;
	traffic flow; simulation; MATSim},
  owner = {michalm},
  timestamp = {2011.12.12},
  url = {https://svn.vsp.tu-berlin.de/repos/public-svn/publications/vspwp/2011/11-06/ppam2011_submission_121_31oct2011.pdf}
}

@ARTICLE{PiatkowskiMaciejewski2012osmNetwork,
  author = {Bartlomiej Piatkowski and Michal Maciejewski},
  title = {Zastosowanie map {OSM} w budowie modelu sieci aglomeracji poznanskiej
	dla symulacji w {MATSim}},
  journal = {Zeszyty Naukowo-Techniczne Stowarzyszenia Inzynierow i Technikow
	Komunikacji Rzeczypospolitej Polskiej, Oddzial w Krakowie},
  year = {2012},
  volume = {98},
  pages = {163-177},
  number = {2},
  owner = {michalm},
  timestamp = {2012.11.23}
}

@INPROCEEDINGS{MaciejewskiNagel2013TaxiSimulation,
  author = {Michal Maciejewski and Kai Nagel},
  title = {A microscopic simulation approach for optimization of taxi services},
  booktitle = {Proceedings of the 3rd International Conference on Models and Technologies
	for Intelligent Transportation Systems 2013},
  year = {2013},
  editor = {Thomas Albrecht and Birgit Jaekel and Martin Lehnert},
  pages = {1--10},
  publisher = {TUDpress},
  owner = {Michal},
  timestamp = {2014.01.20},
  url = {https://svn.vsp.tu-berlin.de/repos/public-svn/publications/vspwp/2013/13-12/2013-08-26_paper_submitted.pdf}
}

@ARTICLE{PiatkowskiMaciejewski2013LandUse,
  author = {Bartlomiej Piatkowski and Michal Maciejewski},
  title = {Zastosowanie danych {GIS} o zagospodarowaniu przestrzennym w mikroskopowej
	symulacji ruchu},
  journal = {Prace Naukowe Politechniki Warszawskiej - Transport},
  year = {2013},
  volume = {95},
  pages = {411-419},
  owner = {Michal},
  timestamp = {2013.09.26}
}

@ARTICLE{MaciejewskiEtAl2014MikroMakro,
  author = {Michal Maciejewski and Bartlomiej Piatkowski and Waldemar Walerjanczyk},
  title = {Od makroskopowego modelu popytu na podroze do calodobowej mikroskopowej
	symulacji przeplywu ruchu},
  journal = {Przeglad Komunikacyjny},
  year = {2014},
  volume = {2},
  pages = {27--31},
  owner = {Michal},
  timestamp = {2014.11.19}
}

@ARTICLE{Maciejewski2014OnlineViaOffline,
  author = {Michal Maciejewski},
  title = {Online taxi dispatching via exact offline optimization},
  journal = {Logistyka},
  year = {2014},
  volume = {3},
  pages = {2133--2142},
  owner = {Michal},
  timestamp = {2014.11.19}
}

@INCOLLECTION{MaciejewskiNagel2013CooperationTaxiDispatching,
  author = {Maciejewski, Michal and Nagel, Kai},
  title = {The influence of multi-agent cooperation on the efficiency of taxi
	dispatching},
  booktitle = {Parallel Processing and Applied Mathematics},
  publisher = {Springer Berlin Heidelberg},
  year = {2014},
  editor = {Wyrzykowski, Roman and Dongarra, Jack and Karczewski, Konrad and
	Wasniewski, Jerzy},
  volume = {8385},
  series = {Lecture Notes in Computer Science},
  pages = {751-760},
  doi = {10.1007/978-3-642-55195-6_71},
  isbn = {978-3-642-55194-9},
  keywords = {Dynamic taxi dispatching; Dynamic vehicle routing; On-line optimization;
	Multi-agent simulation; MATSim; Traffic flow simulation; Simulation-based
	optimization},
  owner = {michalm},
  timestamp = {2013.11.18},
  url = {https://svn.vsp.tu-berlin.de/repos/public-svn/publications/vspwp/2013/13-10/2013-08-19_ppam2013_submission_231.pdf}
}

@ARTICLE{PiatkowskiEtAl2013Poznan24hSimulation,
  author = {Piatkowski, Bartlomiej and Maciejewski, Michal and Walerjanczyk,
	Waldemar and Szarata, Andrzej},
  title = {A 24-hour microscopic traffic flow simulation in the {P}oznan agglomeration},
  journal = {Logistyka},
  year = {2014},
  volume = {4},
  pages = {3145--3155},
  address = {Katowice, Poland},
  owner = {Michal},
  timestamp = {2013.11.18}
}

@inproceedings{Certicky:2014:AST:2615731.2616118,
 author = {Certicky, Michal and Jakob, Michal and Pibil, Radek and Moler, Zbynek},
 title = {Agent-based Simulation Testbed for On-demand Transport Services},
 booktitle = {Proceedings of the 2014 International Conference on Autonomous Agents and Multi-agent Systems},
 series = {AAMAS '14},
 year = {2014},
 isbn = {978-1-4503-2738-1},
 location = {Paris, France},
 pages = {1671--1672},
 numpages = {2},
 url = {http://dl.acm.org/citation.cfm?id=2615731.2616118},
 acmid = {2616118},
 publisher = {International Foundation for Autonomous Agents and Multiagent Systems},
 address = {Richland, SC},
 keywords = {agent-based simulation, modelling, open-source, testbed, transport},
}

@ARTICLE{ronald14SimulatingDRT,
  author = {Nicole Ronald and Russell G. Thompson and Stephan Winter},
  title = {{Simulating demand-responsive transportation: A review of agent-based approaches}},
  journal = {submitted to Transport Reviews},
  year = {2014}
}

@comment{jabref-meta: selector_keywords:}

@comment{jabref-meta: selector_journal:}

@comment{jabref-meta: selector_publisher:}

@comment{jabref-meta: selector_author:}

