% Gunnar's literature database.
%
% Contains only stuff that has at least been flipped through.
%
% Lexicographically sorted by author. Since 2007.
%
% Some possible reference types with required and optional attributes:
%
% article		author, title, journal, year
% 			volume, number, pages, month, note
%
% book			author or editor, title, publiFsher, year
%			volume or number, series, address, adition, month, note
%
% incollection		author, title, booktitle, publisher, year
%			editor, volume or number, type, series, edition, chapter, pages, address, month, note
%
% inproceedings		author, title, booktitle, year
% =conference		editor, volume or number, organization, series, pages, publisher, address, month, note
%
% phdthesis		author, title, school, year
%			address, month, note, type
%
% proceedings		title, year
%			editor, publisher, volume or number, organization, series, address, month, note
%
% techreport		author, title, institution, year
%			type, number, address, month, note
%
% unpublished		author, title, note
%			month, year
%
%
% TODO eventually, add proceedings for conferences I visited
%
%
% ====================================================================================================

@String{TRR="Transportation Research Record"}
@String{TRA="Transportation Research Part A"}
@String{TRB="Transportation Research Part B"}
@String{TRC="Transportation Research Part C"}
@String{NSE="Networks and Spatial Economics"}
@STring{TS="Transportation Science"}

% ====================================================================================================

@techreport{abrahamsen-1997,
  author	= {P. Abrahamsen},
  title		= {A review of {G}aussian random fields and correlation functions},
  year		= {1997},
  number	= {},
  type		= {},
  address	= {},
  institution	= {Norwegian Computing Center, Oslo, Norway}
}

@InCollection{adamo-1999,
  author 	= {V. Adamo and V. Astarita and M. Florian and M. Mahut and J.H. Wu},
  title 	= {Modelling the spill-back of congestion in link based dynamic network loading models: a simulation model with applications},
  pages 	= {555-573},
  crossref	= {isttt-1999}
}

@book{aimsun-2006,
  author	= {{TSS Transport Simulation Systems}}, 
  title		= {AIMSUN 5.1 Microsimulator User's Manual Version 5.1.4},
  publisher	= {},
  year		= {2006},
  volume 	= {},
  series	= {},
  address	= {},
  addition	= {},
  month		= {},
  note		= {}
}

@misc{aimsun-www,
  key		= {{AIMSUN}},
  author 	= {{TSS Transport Simulation Systems}},
  title 	= {{AIMSUN} web site},
  year 		= {accessed 2015},
  howpublished	= {http://www.aimsun.com}
}

% have pdf
@inproceedings{almasri-2005,
  author 	= {E. Almasri and B. Friedrich},
  title 	= {Online offset optimisation in urban networks based on cell transmission model},
  booktitle 	= {Proceedings of the 5th European Congress on Intelligent Transport Systems and Services},
  year 		= {2005},
  month		= {June},
  editor 	= {},
  address 	= {Hannover, Germany},
  publisher 	= {},
  note		= {}
}

% have pdf
@inproceedings{almasri-2006,
  author 	= {B. Friedrich and E. Almasri},
  title 	= {A new method for offset optimization in urban road networks},
  booktitle = {Proceedings of the 11th Meeting of the Euro Working Group Transportation},
  year 		= {2006},
  month		= {September},
  editor 	= {},
  address 	= {Bari, Italy},
  publisher 	= {},
  note		= {}
}

% have paper copy
@article{ansorge-1990,
  author	= {R. Ansorge},
  title		= {What does the entropy condition mean in traffic flow theory},
  journal	= TRB,
  volume	= {24},
  number	= {2},
  pages 	= {133-143},
  month 	= {},
  year		= {1990},
  url		= {}
}

@inproceedings{antonini-2006,
   author      = {G. Antonini and M. Sorci and M. Bierlaire and J. Thiran},
   title       = {Discrete choice models for static facial expression recognition},
   booktitle   = {8th International Conference on Advanced Concepts for Intelligent Vision Systems},
   address     = {Berlin},
   details     = {http://infoscience.epfl.ch/record/91005},
   documenturl = {http://infoscience.epfl.ch/getfile.py?mode=best&recid=91005},
   pages       = {710-721},
   publisher   = {Springer},
   series      = {Lecture Notes in Computer Science},
   volume      = {4179},
   year        = {2006}
}

% have pdf
@phdthesis{antoniou-phd,
  author	= {C. Antoniou},
  title		= {On-line Calibration for Dynamic Traffic Assignment},
  school	= {Massachusetts Institute of Technology},
  year		= {2004}
}

% have pdf
@inproceedings{antoniou-2007,
  author	= {C. Antoniou and H.N. Koutsopoulos and G. Yannis},
  title		= {An efficient non-linear {K}alman filtering algorithm using simultaneous pertubation and applications in traffic estimation and prediction},
  pages		= {217-222},
  crossref	= {itsc-2007}
} 

% have pdf
@article{antoniou-2006,
  author	= {C. Antoniou and M. Ben-Akiva and H. N. Koutsopoulos},
  title		= {Dynamic traffic demand prediction using conventional and emerging data sources},
  journal	= {{IEE} Proceedings Intelligent Transport Systems},
  volume	= {153},
  number	= {1},
  pages 	= {97-104},
  month 	= {},
  year		= {2006},
  url		= {}
}

% have pdf
@InProceedings{antoniou-1997,
  author 	= {C. Antoniou and M. Ben-Akiva and M. Bierlaire and R. Mishalani},
  title 	= {Demand simulation for dynamic traffic assignment},
  booktitle 	= {Proceedings of the 8th {IFAC} Symposium on Transportation Systems},
  year 		= {1997},
  editor 	= {},
  month		= {June},
  address 	= {Chania, Crete, Greece},
  publisher 	= {},
  note		= {}
}

% have pdf
@article{arentze-2004,
  author	= {T.A. Arentze and H.J.P. Timmermans},
  title		= {A learning-based transportation oriented simulation system},
  journal	= TRB,
  year		= {2004},
  volume	= {38},
  number	= {7},
  pages		= {613-633}
}

% have pdf
%   url		= {citeseer.nj.nec.com/arulampalam02tutorial.html}
@article{arulampalam-2002,
  author	= {S. Arulampalam and S. Maskell and N. Gordon and T. Clapp},
  title		= {A tutorial on particle filters for on-line non-linear/non-{G}aussian {B}ayesian tracking},
  journal	= {{IEEE} Transactions on Signal Processing},
  volume	= {50},
  number	= {2},
  pages 	= {174-188},
  month 	= {},
  year		= {2002}
}

% have pdf
@phdthesis{ashok-phd,
  author	= {K. Ashok},
  title		= {Estimation and Prediction of Time-Dependent Origin-Destination Flows},
  school	= {Massachusetts Institute of Technology},
  year		= {1996}  
}

% have pdf
@article{ashok-2002,
  author	= {K. Ashok and M. Ben-Akiva},
  title		= {Estimation and prediction of time-dependent origin-destination flows with a stochastic mapping to paths flows and link flows},
  journal	= TS,
  volume	= {36},
  number	= {2},
  pages		= {184-198},
  month 	= {},
  year		= {2002},
  url		= {}
}

% have pdf
@article{astarita-2001,
  author	= {V. Astarita and K. Er-Rafia and M. Florian and M. Mahut and S. Velan},
  title		= {A comparison of three methods for dynamic network loading},
  journal	= TRR,
  volume	= {1771},
  number	= {},
  pages 	= {179-190},
  month 	= {},
  year		= {2001},
  url		= {}
}

@article{bailey-1989,
  author	= {D.F. Bailey},
  title	= {A historical survey of solution by functional iteration},
  journal	= {Mathematics Magazine},
  volume	= {62},
  number	= {3},
  pages	= {155-166},
  year	= {1989}
}

% have pdf
@article{balakrishna-2008,
  author	= {R. Balakrishna and H.N. Koutsopoulos},
  title	= {Incorporating within-day transitions in simultaneous offline estimation of dynamic origin-destination flows without assignment matrices},
  journal	= TRR,
  volume	= {2085},
  number	= {},
  pages 	= {31-38},
  month 	= {},
  year	= {2008},
  url		= {}
}

% have pdf
@phdthesis{balakrishna-phd,
  crossref  = {balakrishna-2006}
}
@phdthesis{balakrishna-2006,
  author	= {R. Balakrishna},
  title		= {Off-line calibration of dynamic traffic assignment models},
  school	= {Massachusetts Institute of Technology},
  year		= {2006}
}

% have pdf
@article{balijepalli-2007,
  author	= {N.C. Balijepalli and D.P. Watling and R. Liu},
  title		= {Doubly dynamic traffic assignment -- simulation modeling framework and experimental results},
  journal	= TRR,
  volume	= {2029},
  number	= {},
  pages 	= {39-48},
  month 	= {},
  year		= {2007},
  url		= {}
}

% have pdf
@phdthesis{balmer-phd,
  author	= {M. Balmer},
  title		= {Travel Demand Modeling for Multi--Agent transport Simulations: Algorithms and Systems},
  school	= {Swiss Federal Institute of Technology Zurich},
  year		= {2007}
}

% have pdf
@article{balmer-2006,
  author	= {M. Balmer and K.W. Axhausen and K. Nagel},
  title		= {Agent-based demand-modeling framework for large-scale microsimulations},
  journal	= TRR,
  volume	= {1985},
  number	= {},
  pages 	= {125-134},
  month 	= {},
  year		= {2006},
  url		= {}
}

% have pdf
@InCollection{balmer-2005,
  author 	= {M. Balmer and B. Raney and K. Nagel},
  title 	= {Adjustment of activity timing and duration in an agent-based traffic flow simulation},
  pages 	= {91-114},
  year 		= {2005},
  editor 	= {Timmermans, H.J.P.},
  booktitle	= {Progress in Activity-Based Analysis},
  publisher 	= {Elsevier},
  address 	= {}
}

% have paper copy
@incollection{barlovic-1999,
  author	= {R. Barlovic and J. Esser and K. Froese and W. Knospe and L. Neubert and M. Schreckenberg and J. Wahle}, 
  title		= {Online traffic simulation with cellular automata},
  pages		= {117-134},
  crossref	= {traffic-and-mobility-1999}
}

@book{barcelo-2010,
  author	= {J. Barcelo}, 
  title		= {Fundamentals of Traffic Simulation},
  publisher	= {Springer},
  year		= {2010},
  volume 	= {},
  series	= {},
  address	= {},
  addition	= {},
  month		= {},
  note		= {}
}

% april 2009: link seems to be broken
@techreport{beckman-1997,
  author	= {R.J. {Beckman et al.}},
  title		= {{TRANSIMS}--release 1.0 -- {T}he {D}allas-{F}ort~{W}orth case study},
  year		= {1997},
  number	= {97-4502},
  type		= {{L}os {A}lamos unclassified report ({LA-UR})},
  address	= {http://transims.tsasa.lanl.gov, accessed 2008},
  institution	= {Los Alamos National Laboratory, Los Alamos, NM}
}

@book{beckmann-1956,
  author	= {M. Beckmann and C. McGuire and C. Winsten}, 
  title		= {Studies in the Economics of Transportation},
  publisher	= {Yale University Press},
  year		= {1956},
  volume 	= {},
  series	= {},
  address	= {},
  addition	= {},
  month		= {},
  note		= {}
}

@inproceedings{behrisch-2009,
  author	= {M. Behrisch and M. Bonert and D. Hinkeldein and G. Kuhns and Y.-P. Wang},
  title		= {{DELPHI} -- a joint web decision support application for real time traffic situation analysis and prognosis, information exchange and cooperation},
  booktitle	= {Proceedings of the 16th World Congress on Intelligent Transport Systems},
  year		= {2009},
  editor	= {},
  volume	= {},
  organization	= {},
  series	= {},
  pages		= {},
  publisher	= {},
  address	= {Stockholm, Sweden},
  month		= {},
  note		= {}
} 

@inproceedings{bekhor-2011,
  author	= {S. Bekhor and C. Dobler},
  title		= {Integration of activity-based with agent-based models: an example from the {T}el-{A}viv model and {MATSim}},
  crossref = {proc-trb-2011}	
  } 

@article{bekhor-2006,
  author	= {S. Bekhor and M.E. Ben-Akiva and M.S. Ramming},
  title		= {Evaluation of route choice set generation algorithms for route choice models},
  journal	= {Annals of Operations Research},
  volume	= {144},
  number	= {1},
  pages 	= {235-247},
  month 	= {},
  year		= {2006},
  url		= {}
}

% have paper copy
@article{bell-1991,
  author	= {M.G.H. Bell},
  title		= {The real time estimation of origin-destination flows in the presence of platoon dispersion},
  journal	= TRB,
  volume	= {25},
  number	= {2/3},
  pages 	= {115-125},
  month 	= {},
  year		= {1991},
  url		= {}
}

% have paper copy
@article{bell-1991b,
  author	= {M.G.H. Bell},
  title		= {The estimation of origin-destination matrices by constrained generalised least squares},
  journal	= TRB,
  volume	= {25},
  number	= {1},
  pages 	= {13-22},
  month 	= {},
  year		= {1991},
  url		= {}
}

% have pdf
@article{bell-1995,
  author	= {M.G.H. Bell},
  title		= {Stochastic user equilibrium assignment in networks with queues},
  journal	= TRB,
  volume	= {29},
  number	= {2},
  pages 	= {125-137},
  month 	= {},
  year		= {1995},
  url		= {}
}

% have paper copy
@inproceedings{bell-1996,
  author	= {M.G.H. Bell and W.H.K. Lam and Y. Iida},
  title		= {A time-dependent multi-class path flow estimator},
  pages		= {173-193},
  crossref	= {isttt-1996}
} 

% have pdf
@article{bell-1997,
  author	= {M.G.H. Bell and C.M. Shield and F. Busch and G. Kruse},
  title		= {A stochastic user equilibrium path flow estimator},
  journal	= TRC,
  volume	= {5},
  number	= {3/4},
  pages 	= {197-210},
  month 	= {},
  year		= {1997},
  url		= {}
}

% have paper copy
@incollection{bell-1999,
  author	= {M.G.H. Bell and S. Grosso}, 
  title		= {Estimating path flows from traffic counts}, 
  pages		= {85-102},
  crossref	= {traffic-and-mobility-1999}
}

% have pdf -- this basically is a subset of the more recent ben-akiva-2001 article
@inproceedings{ben-akiva-1998,
  author	= {M. Ben-Akiva and M. Bierlaire and H. Koutsopoulos and R. Mishalani},
  title		= {{DynaMIT}: a simulation-based system for traffic prediction},
  booktitle	= {Proceedings of the {DACCORD} Short Term Forecasting Workshop},
  year		= {1998},
  editor	= {},
  volume	= {},
  organization	= {},
  series	= {},
  pages		= {},
  publisher	= {},
  address	= {Delft, The Netherlands},
  month		= {February},
  note		= {}
}

% have paper copy
@incollection{ben-akiva-1999,
  author 	= {M. Ben-Akiva and M. Bierlaire},
  title 	= {Discrete choice methods and their applications to short-term travel decisions},
  pages 	= {5-34},
  year 		= {1999},
  editor 	= {R. Hall},
  booktitle	= {Handbook of Transportation Science},
  publisher 	= {Kluwer},
  address 	= {},
  note 		= {} 
}

% have pdf and paper copy
% check volume/number
@article{ben-akiva-2001,
  author	= {M. Ben-Akiva and M. Bierlaire and D. Burton and  H.N. Koutsopoulos and R. Mishalani},
  title		= {Network state estimation and prediction for real--time transportation management applications},
  journal	= NSE,
  year		= {2001},
  volume	= {1},
  number	= {3/4},
  pages		= {293-318},
  publisher	= {},
  month		= {},
  note		= {}
}

@inproceedings{ben-akiva-2001b,
  author	= {M. Ben-Akiva and H. Koutsopoulos and J. Walker},
  title		= {{DynaMIT-P}: dynamic traffic assignment model system for transportation planning},
  booktitle	= {Proceedings of the 2001 World Conference on Transport Research},
  year		= {2001},
  editor	= {},
  volume	= {},
  organization	= {},
  series	= {},
  pages		= {},
  publisher	= {},
  address	= {Seoul, Korea},
  month		= {},
  note		= {},
  url		= {}
} 

%   note		= {ISBN:1-4020-7246-5},
@incollection{ben-akiva-2003,
  author	= {M. Ben-Akiva and M. Bierlaire},
  title		= {Discrete choice models with applications to departure time and route choice},
  booktitle	= {Handbook of Transportation Science, 2nd edition},
  pages		= {7-38},
  editor	= {R. Hall},
  series	= {Operations Research and Management Science},
  publisher	= {Kluwer},
  year		= {2003}
}

% have paper copy
@InCollection{ben-akiva-2004,
  author 	= {M. Ben-Akiva and M.S. Ramming and S. Bekhor},
  title 	= {Route choice models},
  pages 	= {23-45},
  crossref	= {human-behaviour-2004}
}

@inproceedings{ben-akiva-2012,
  author	= {M. Ben-Akiva and S. Gao and L. Lu and Y. Wen},
  title		= {Combining disaggregate route choice estimation with aggregate calibration of a dynamic traffic assignment model},
  booktitle = {Proceedings of the Fourth International Symposium on Dynamic Traffic Assignment},
  editor	= {},
  year 		= {2012},
  month		= {June},
  address 	= {Marthas Vineyard, Massachusetts, USA},
  publisher	= {}
} 

@TechReport{berglund-2014,
  author	  = {S. Berglund and L. Engelson and G. Fl\"otter\"od and R.D. Jonsson},
  title 	  = {Further development of {S}ampers and modeling of urban congestion},
  institution = {Trafikverket},
  number 	  = {{IHOP} project report},
  year 		  = {2014} 
}

% have paper copy
@article{berndt-1974,
  author	= {E.K. Berndt and B.H. Hall and R.E. Hall and J.A. Hausman},
  title		= {Estimation and inference in nonlinear structural models},
  journal	= {Annals of Economics and Social Measurement},
  volume	= {3/4},
  number	= {},
  pages 	= {653-665},
  month 	= {},
  year		= {1974},
  url		= {}
}

% VSP
@book{bertsekas-1999,			 
  author	= {D.P. Bertsekas}, 
  title		= {Nonlinear programming},
  publisher	= {Athena Scientific},
  year		= {1999},
  volume 	= {},
  series	= {},
  address	= {},
  addition	= {},
  month		= {},
  note		= {}
}

% VSP
@book{bertsekas-1985,			 
  author	= {D.P. Bertsekas}, 
  title		= {Linear Network Optimization},
  publisher	= {The MIT Press},
  year		= {1991},
  volume 	= {},
  series	= {},
  address	= {},
  addition	= {},
  month		= {},
  note		= {}
}

@inproceedings{bierlaire-2011a,
  author	= {M. Bierlaire and G. Fl\"otter\"od},
  title		= {Metropolis-{H}astings sampling of alternatives for route choice models},
  booktitle = {Proceedings of the International Choice Modelling Conference},
  editor	= {},
  year 		= {2011},
  month		= {July},
  address 	= {Leeds, England},
  publisher	= {}
} 

@TechReport{bierlaire-2010f,
  author	  = {M. Bierlaire and J. Chen and J.P. Newman},
  title 	  = {Modeling route choice behavior from smartphone GPS data},
  institution = {Transport and Mobility Laboratory, Ecole Polytechnique F\'ed\'erale de Lausanne},
  number 	  = {TRANSP-OR 101016},
  year 		  = {2010} 
}

@inproceedings{bierlaire-2010e,
  author	= {M. Bierlaire and G. Fl\"otter\"od},
  title		= {Metropolis-{H}astings sampling of alternatives for route choice models},
  crossref	= {strc-2010},
  pages		= {}
} 

% have paper copy
@inproceedings{bierlaire-2010d,
  author	= {M. Bierlaire and J. Chen and J. Newman},
  title		= {Using location observations to observe routing for choice models},
  pages		= {},
  crossref	= {proc-trb-2010}
} 

@article{bierlaire-2010c,
  author	= {M. Bierlaire and R. Hurtubia and G. Fl\"otter\"od},
  title		= {An analysis of the implicit choice set generation using the constrained multinomial logit model},
  journal	= TRR,
  volume	= {2175},
  number	= {},
  pages 	= {92-97},
  month 	= {},
  year		= {2010},
  url		= {}
}

@inproceedings{Bierlaire-2010,
  author	= {M. Bierlaire and R. Hurtubia and G. Fl\"otter\"od},
  title		= {An analysis of the implicit choice set generation using the constrained multinomial logit model},
  crossref  = {proc-trb-2010}
}

% have pdf
@techreport{bierlaire-2009,
  author	= {M. Bierlaire and T. Robin},
  title	= {Pedestrians choices},
  institution = {Transport and Mobility Laboratory, Ecole Polytechnique F\'ed\'erale de Lausanne},
  number	= {TRANSP-OR 090303},
  year	= {2009}
}

@inproceedings{bierlaire-2009b,
  author	= {M. Bierlaire and R. Hurtubia and G. Fl\"otter\"od},
  title		= {An experimental analysis of the implicit choice set generation using the constrained multinomial logit model},
  booktitle	= {Proceedings of the 4th Kuhmo-Nectar Conference},
  year		= {2009},
  editor	= {},
  volume	= {},
  organization	= {},
  series	= {},
  pages		= {},
  publisher	= {},
  address	= {Kopenhagen, Denmark},
  month		= {July},
  note		= {},
  url		= {}
} 

@inproceedings{bierlaire-2009c,
  author	= {M. Bierlaire and R. Hurtubia and G. Fl\"otter\"od},
  title		= {A comparative analysis of implicit and explicit methods to model choice set generation},
  crossref  = {strc-2009}
} 

@techreport{bierlaire-2009d,
  author	= {M. Bierlaire and R. Hurtubia and G. Fl\"otter\"od},
  title		= {An experimental analysis of the implicit choice set generation using the constrained multinomial logit model},
  institution	= {Ecole Polytechnique F\'ed\'erale de Lausanne},
  year		= {2009},
  type		= {},
  number	= {TRANSP-OR 090518}
}

@article{bierlaire-2008,
  author	= {M. Bierlaire and D. Bolduc and D. {McFadden}},
  title	= {The estimation of generalized extreme value models from choice-based samples},
  journal	= TRB,
  volume	= {42},
  number	= {4},
  pages	= {381-394},
  year	= {2008}
}

@incollection{bierlaire-2007,
  author 	= {M. Bierlaire and G. Antonini and M. Weber},
  title 	= {Behavioural dynamics for pedestrians},
  pages	= {81-105},
  crossref	= {moving-through-nets-2007}
}

%  doi		= {10.1287/trsc.1050.0119},
@article{bierlaire-2006,
  author	= {M. Bierlaire and F. Crittin},
  title		= {Solving noisy large scale fixed point problems and systems of nonlinear equations},
  journal	= {Transportation Science},
  volume	= {40},
  number	= {1},
  pages		= {44-63},
  year		= {2006}
}

% have pdf
@article{bierlaire-2004,
  author	= {M. Bierlaire and F. Crittin},
  title		= {An efficient algorithm for real-time estimation and prediction of dynamic od table},
  journal	= {Operations Research},
  year		= {2004},
  volume	= {52},
  number	= {1},
  pages		= {116-127},
  doi		= {10.1287/opre.1030.0071},
  month		= {},
  note		= {}
}

@InProceedings{bierlaire-2003,
  author	= {M. Bierlaire},
  title		= {{BIOGEME}: a free package for the estimation of discrete choice models},
  crossref	= {strc-2003}
}

% have pdf
@article{bierlaire-2002,
  author	= {M. Bierlaire},
  title		= {The total demand scale: a new measure of quality for static and dynamic origin-destination trip tables},
  journal	= TRB,
  volume	= {36},
  number	= {9},
  pages 	= {837-850},
  month 	= {},
  year		= {2002},
  url		= {}
}

% have pdf
@techreport{bierlaire-2000,
  author	= {M. Bierlaire and R. Mishalani and M. Ben-Akiva},
  title		= {General framework for dynamic demand simulation},
  institution	= {Operations Research Group ROSO, Ecole Polytechnique F\'ed\'erale de Lausanne},
  number	= {RO 2000.0223},
  year		= {2000}
}

% have pdf
@incollection{bierlaire-1998,
  author 	= {M. Bierlaire},
  title 	= {Discrete choice models},
  pages 	= {203-227},
  year 		= {1998},
  editor 	= {M. Labbe and G. Laporte and K. Tanczos and Ph. Toint},
  booktitle	= {Vol. 166 of {NATO} {ASI} Series, Series {F}: Computer and Systems Sciences},
  series	= {Operations Research in Traffic and Transportation Management},
  publisher = {Springer},
  address 	= {},
  note 		= {}  
}

@article{bierlaire-1995,
  author	= {M. Bierlaire and P.L. Toint},
  title		= {{MEUSE}: an origin-destination estimator that exploits structure},
  journal	= TRB,
  volume	= {29},
  number	= {1},
  pages		= {47-60},
  year		= {1995}
}

@misc{biogeme-www,
  key		= {},
  author	= {M. Bierlaire},
  title	= {{BIOGEME} web site},
  year	= {accessed 2011},
  howpublished  = {http://transp-or.epfl.ch/biogeme}
}

% have trb pdf
@article{bliemer-2007,
  author	= {M.C.J. Bliemer},
  title		= {Dynamic queuing and spillback in an analytical multiclass dynamic network loading model},
  journal	= TRR,
  volume	= {2029},
  number	= {},
  pages 	= {14-21},
  month 	= {},
  year		= {2007},
  url		= {}
}

@article{blue-01,
  author	= {V.J. Blue and J.L. Adler},
  title	= {Cellular automata microsimulation for modeling bi-directional pedestrian walkways},
  journal	= TRB,
  year	= {2001},
  volume	= {35},
  number	= {3},
  pages	= {293-312}
}

@article{bohte-2009,
  author	= {W. Bohte and K. Maat},
  title		= {Deriving and validating trip purposes and travel models for multi-day {GPS}-based travel surveys: a large-scale application in the {N}etherlands},
  journal	= TRC,
  volume	= {17},
  number	= {3},
  pages 	= {285-297},
  month 	= {},
  year		= {2009},
  url		= {}
}

% have paper copy
@incollection{bonsall-2000,
  author 	= {P. Bonsall},
  title 	= {Information systems and other intelligent transport system innovations},
  pages 	= {481-496},
  year 		= {2000},
  editor 	= {D.A. Hensher and K.J. Button},
  booktitle	= {Handbook of Transport Modelling},
  publisher 	= {Elsevier},
  address 	= {},
  note 		= {}  
}

@techreport{bowman-2012,
  author	= {J.L. Bowman},
  title		= {{DaySim} Activity and Travel Simulator. Technical Documentation},
  institution	= {Bowman Research and Consulting},
  year		= {2012},
  type		= {},
  number	= {},
  address	= {},
  month		= {},
  note		= {}
}

% have pdf
@inproceedings{bowman-1996,
  author	= {J.L. Bowman and M.E. Ben-Akiva},
  title		= {Activity-based travel forecasting},
  booktitle	= {Activity-Based Travel Forecasting Conference: Summary, Recommendations and Compendium of Papers},
  year		= {1996},
  editor	= {},
  volume	= {},
  organization	= {},
  series	= {},
  pages		= {},
  publisher	= {},
  address	= {New Orleans, Louisiana},
  month		= {June},
  note		= {http://tmip.fhwa.dot.gov/clearinghouse/, accessed 2008}
} 

% have paper copy
@InCollection{bowman-1998,
  author 	= {J.L. Bowman and M.E. Ben-Akiva},
  title 	= {Activity based travel demand model systems},
  pages 	= {27-46},
  year 		= {1998},
  editor 	= {P. Marcotte and S. Nguyen},
  booktitle	= {Equilibrium and advanced transportation modelling},
  publisher 	= {Kluwer},
  address 	= {}
}

% have paper copy
@inproceedings{bowman-1999,
  author	= {J.L. Bowman and M. Bradley and Y. Shiftan and T.K. Lawton and M. Ben-Akiva},
  title		= {Demonstration of an activity-based model for portland},
  booktitle	= {Proceedings of the 8th World Conference on Transport Research},
  year		= {1999},
  editor	= {H. Meersman and E. {van der Voorde} and W. Winkelmans},
  volume	= {3},
  organization	= {},
  series	= {},
  pages		= {171-184},
  publisher	= {Elsevier},
  address	= {},
  month		= {},
  note		= {}
} 

@article{brackstone-1999,
  author	= {M. Brackstone and M. {McDonald}},
  title	= {Car-following: a historical review},
  journal	= {Transportation Research Part F},
  volume	= {2},
  number	= {4},
  pages 	= {181-196},
  month 	= {},
  year	= {1999},
  url		= {}
}

@article{brooks-1998,
  author	= {S.P. Brooks and A. Gelman},
  title		= {General methods for monitoring convergence of iterative simulations},
  journal	= {Journal of Computational and Graphical Statistics},
  volume	= {7},
  number	= {4},
  pages 	= {434-455},
  month 	= {},
  publisher	= {},
  year		= {1998},
  url		= {}
}

% have paper copy
@InCollection{buisson-1995,
  author 	= {C. Buisson and L.B. Lesort and J.P. Lebacque},
  title 	= {Macroscopic modelling of traffic flow and assignment in mixed networks},
  pages 	= {1367-1374},
  year 		= {1995},
  editor 	= {P.J. Pahl and H. Werner},
  booktitle	= {Computing in Civil and Building Engineering},
  publisher = {Balkema},
  address 	= {Rotterdam, The Netherlands}
}

% have pdf copy
@inproceedings{buisson-1996,
  author	= {C. Buisson and J.P. Lebacque and J.B. Lesort},
  title		= {{STRADA}. {A} discretized macroscopic model of vehicular traffic flow in complex networks based on the {G}odunov scheme.},
  booktitle	= {{S}ymposium on {M}odelling, {A}nalysis and {S}imulation, held at {CESA} 1996 {IMACS} {M}ulticonference},
  year		= {1996},
  editor	= {},
  volume	= {2},
  organization	= {},
  series	= {},
  pages		= {976-981},
  publisher	= {},
  address	= {Lille, France},
  month		= {July},
  note		= {}
} 

% have pdf copy
@inproceedings{buisson-1996b,
  author	= {C. Buisson and J.P. Lebacque and J.B. Lesort and H. Mongeot},
  title		= {The {STRADA} model for dynamic assignment},
  booktitle	= {Proceedings of the 1996 ITS {C}onference},
  year		= {1996},
  editor	= {},
  volume	= {},
  organization	= {},
  series	= {},
  pages		= {},
  publisher	= {},
  address	= {Orlando, USA},
  month		= {},
  note		= {}
} 

@techreport{burghout-2005,
  author	= {W. Burghout},
  title		= {Mesoscopic simulation models for short-term prediction},
  year		= {2005},
  number	= {{CTR2005:03}},
  type		= {{PREDIKT} project report},
  address	= {http://www.infra.kth.se/ctr/publications/ctr2005\_03.pdf, accessed 2008},
  institution	= {Centre for Traffic Research (CTR) of Royal Institute of Technology (KTH), Swedish National Road and Transport Research Institute (VTI), and University of Link\"oping}
}

@article{burghout-2005b,
  author	= {W. Burghout and H. Koutsopoulos and I. Andreasson},
  title		= {Hybrid mesoscopic-microscopic traffic simulation},
  journal	= TRR,
  year		= {2005},
  volume	= {1934},
  number	= {},
  pages		= {218-225},
  publisher	= {},
  month		= {},
  note		= {}
}

% have pdf -- submitted to proc-trb, rejected -- check status
@misc{bonert-2007,
  author 	= {M. Bonert and E. Brockfeld and D. Krajzewicz and P. Wagner},
  title 	= {Large-scale traffic surveillance and forecast for the soccer world cup using microscopic simulation},
  year 		= {2006},
  howpublished	= {submitted}
}

% have pdf
@InCollection{bottom-1999,
  author 	= {J. Bottom and M. Ben-Akiva and M. Bierlaire and I. Chabini and H. Koutsopoulos and Q. Yang},
  title 	= {Investigation of route guidance generation issues by simulation with {DynaMIT}},
  pages 	= {577-600},
  crossref	= {isttt-1999}
}

% have pdf
@phdthesis{bottom-2000,
  author	= {J.A. Bottom},
  title		= {Consistent Anticipatory Route Guidance},
  school	= {Massachusetts Institute of Technology},
  year		= {2000}  
}

% have pdf
% TODO give url
@article{braxmeier-2005,
  author	= {H. Braxmeier and V. Schmidt and E. Spodarev},
  title		= {{S}tatistische {R}aum--{Z}eit-{A}nalyse und {S}imulation von {V}erkehsstr\"omen in {B}allungsgebieten},
  journal	= {Verkehrsforschung online},
  year		= {2005},
  volume	= {2},
  number	= {},
  pages		= {},
  month		= {},
  note		= {}
}

% have pdf
@inproceedings{brockfeld-2006,
  author	= {E. Brockfeld and P. Wagner},
  title		= {Validating microscopic traffic flow models},
  pages		= {1604-1608},
  crossref	= {itsc-2006}
}

% have pdf
% check if accepted
@misc{brockfeld-2004,
  author 	= {E. Brockfeld and R.D. K\"uhne and P. Wagner},
  title 	= {Calibration and validation of microscopic traffic flow models},
  year 		= {2004},
  howpublished	= {submitted to TRB}
}

@misc{cadyts-www,
  key		= {},
  author	= {G. Fl\"otter\"od},
  title	= {{Cadyts} web site},
  year	= {accessed 2015},
  url  = {http://people.kth.se/~gunnarfl/cadyts.html}
}

@misc{cadyts-manual,
  key		= {},
  author	= {G. Fl\"otter\"od},
  title	= {Cadyts -- {C}alibration of dynamic traffic simulations -- {V}ersion 1.1.0 manual},
  year	= {2010},
  url  = {http://people.kth.se/~gunnarfl/cadyts.html}
}

}

@inproceedings{caligaris-2007,
  author	= {C. Caligaris and S. Sacone and S. Siri},
  title		= {Freeway traffic modeling: extension to different vehicle classes and numerical analysis},
  pages		= {325-330},
  crossref	= {itsc-2007}
} 

% VSP
@book{cascetta-2001,
  author	= {E. Cascetta}, 
  title		= {Transportation Systems Engineering: Theory and Methods},
  publisher	= {Kluwer Academic Publishers},
  year		= {2001},
  volume 	= {},
  series	= {},
  address	= {},
  addition	= {},
  month		= {},
  note		= {}
}

% paper copy (electronical copy is corrupted!)
@article{cascetta-2001b,
  author	= {E. Cascetta and N.N. Posterino},
  title		= {Fixed point approaches to the estimation of o/d matrices using traffic counts on congested networks},
  journal	= {Transportation Science},
  year		= {2001},
  volume	= {35},
  number	= {2},
  pages		= {134-147},
  month		= {},
  note		= {}
}		

% have pdf
@inproceedings{cascetta-1996,
  author	= {E. Cascetta and A. Nuzzolo and F. Russo and A. Vitetta},
  title		= {A modified logit route choice model overcoming path overlapping problems. {S}pecification and some calibration results for interurban networks.},
  pages		= {697-711},
  crossref	= {isttt-1996}
}

% have pdf
@article{cascetta-1993,
  author	= {E. Cascetta and D. Inaudi and G. Marquis},
  title		= {Dynamic estimators of origin-destination matrices using traffic counts},
  journal	= {Transportation Science},
  year		= {1993},
  volume	= {27},
  number	= {4},
  pages		= {363-373},
  month		= {},
  note		= {}
}

% have pdf
@article{cascetta-1991,
  author	= {E. Cascetta and G.E. Cantarella},
  title		= {A day-to-day and within-day dynamic stochastic assignment model},
  journal	= TRA,
  volume	= {25},
  number	= {5},
  pages 	= {277-291},
  month 	= {},
  year		= {1991},
  url		= {}
}

% have pdf
@article{cascetta-1989,
  author	= {E. Cascetta},
  title		= {A stochastic process approach to the analysis of temporal dynamics in transportation networks},
  journal	= TRB,
  year		= {1989},
  volume	= {23},
  number	= {1},
  pages		= {1-17},
  month		= {},
  note		= {}
}

% have paper copy
@article{cascetta-1988,
  author	= {E. Cascetta and S. Nguyen},
  title		= {A unified framework for estimating or updating origin/destination matrices from traffic counts},
  journal	= TRB,
  year		= {1988},
  volume	= {22},
  number	= {6},
  pages		= {437-455},
  month		= {},
  note		= {}
}

% have paper copy
@article{cascetta-1984,
  author	= {E. Cascetta},
  title		= {Estimation of trip matrices from traffic counts and survey data: a generalised least squares estimator},
  journal	= TRB,
  year		= {1984},
  volume	= {18},
  number	= {4/5},
  pages		= {289-299},
  month		= {},
  note		= {}
}

% have pdf
@article{casella-1992,
  author	= {G. Casella and E.I. George},
  title		= {Explaining the {G}ibbs sampler},
  journal	= {The American Statistician},
  volume	= {46},
  number	= {3},
  pages		= {167-174},
  month 	= {},
  year		= {1992},
  url		= {}
}

% have pdf
@TechReport{cayford-1997,
  author	= {R. Cayford and W.-H. Lin and C.F. Daganzo},
  title		= {The {NETCELL} simulation package: technical description},
  institution	= {University of California, Berkeley},
  year		= {1997},
  type		= {{C}alifornia {PATH} research report},
  number	= {UCB-ITS-PRR-97-23}
}

% have paper copy
@article{chabini-2001,
  author	= {I. Chabini},
  title		= {Analytical dynamic network loading problem},
  journal	= TRR,
  volume	= {1771},
  number	= {},
  pages 	= {191-200},
  month 	= {},
  year		= {2001},
  url		= {}
}

% have pdf
@inproceedings{chang-2004,
  author	= {E. Chin-Ping Chang},
  title		= {Improving traffic estimation and prediction through dynamic traffic assignment development},
  booktitle	= {Proceedings of the 2004 {IEEE} International Conference on Networking, Sensing and Control},
  year		= {2004},
  editor	= {},
  volume	= {},
  organization	= {},
  series	= {},
  pages		= {1313-1316},
  publisher	= {},
  address	= {Taipei, Taiwan},
  month		= {March},
  note		= {}
}

@inproceedings{charypar-phd,
  author	= {D. Charypar},
  title		= {Efficient algorithms for the microsimulation of travel behavior in very large scenarios},
  school	= {Swiss Federal Institute of Technology Zurich},
  year		= {2008}
}

@article{charypar-2005b,
  author 	= {D. Charypar and K. Nagel},
  title 	= {Q-learning for flexible learning of daily activity plans},
  year 		= {2005},
  volume 	= {1935},
  pages 	= {163-169},
  journal 	= TRR,
  ISSN 		= {0361-1981},
  ISBN 		= {0-309-09409-7}
}

@article{charypar-2005a,
  author 	= {D. Charypar and K. Nagel},
  title 	= {Generating complete all-day activity plans with genetic algorithms},
  journal 	= {Transportation},
  year 		= {2005},
  volume 	= {32},
  number 	= {4},
  pages 	= {369-397}
}

% url	    = {https://svn.vsp.tu-berlin.de/repos/public-svn/publications/vspwp/2008/08-15/, accessed 2010},
@techreport{chen-2008,
  author	= {Y. Chen and M. Rieser and D. Grether and K. Nagel},
  title		= {Improving a large-scale agent-based simulation scenario},
  year		= {2008},
  number	= {08-15},
  type		= {VSP working paper},
  institution = {Transport Systems Planning and Transport Telematics Laboratory, Berlin Institute of Technology}
}

% have pdf, I think -- CHECK
@inproceedings{chen-2006,
  author	= {P. Chen and Z. Qiu and B. Ran},
  title		= {Traffic estimation based on particle filtering with stochastic state reconstruction using mobile network data},
  crossref	= {proc-trb-2006}
} 

% have pdf
@article{cheu-2009,
  author	= {R.L. Cheu and J. Martinez and C. Duran},
  title		= {A cell transmission model with lane changing and vehicle tracking for port of entry simulations},
  journal	= TRR,
  volume	= {2124},
  number	= {},
  pages 	= {241-248},
  month 	= {},
  year		= {2009},
  url		= {}
}

% have pdf
@inproceedings{cetin-2003,
  author	= {N. Cetin and A. Burri And K. Nagel},
  title		= {A large-scale agent-based traffic microsimulation based on queue model},
  crossref	= {strc-2003}
} 

% have pdf
@article{coclite-2005,
  author	= {G.M. Coclite and M. Garavello and B. Piccoli},
  title		= {Traffic flow on a road network},
  journal	= {{SIAM} Journal on Mathematical Analysis},
  volume	= {36},
  number	= {6},
  pages 	= {1862-1886},
  month 	= {},
  year		= {2005},
  url		= {}
}

@misc{contram-www,
  key		= {},
  author 	= {{Mott MacDonald and TRL}},
  title 	= {{CONTRAM} web site},
  year 		= {accessed 2011},
  howpublished	= {http://www.contram.com}
}

@misc{corsim-www,
  key		= {},
  author 	= {Center for Microcomputers in Transportation, U.S. Department of Transportation's Federal Highway Administration},
  title 	= {{CORSIM} web site},
  year 		= {accessed 2011},
  howpublished	= {http://mctrans.ce.ufl.edu/featured/tsis/Version5/corsim.htm}
}

@article{corthout-2012,
  author	= {R. Corthout and G. Fl\"otter\"od and F. Viti and C.M.J. Tampere},
  title		= {Non-unique flows in macroscopic first-order intersection models},
  journal	= TRB,
  volume	= {46},
  number	= {3},
  pages 	= {343-359},
  month 	= {},
  year		= {2012},
  url		= {}
}

% have pdf
@inproceedings{crittin-2003a,
  author	= {F. Crittin and M. Bierlaire},
  title		= {A generalization of secant methods for solving nonlinear systems of equations},
  crossref	= {strc-2003}
} 

% have pdf
@inproceedings{crittin-2003b,
  author	= {F. Crittin and M. Bierlaire},
  title		= {Solving the anticipatory route guidance generation problem using a generalization of secant methods},
  crossref	= {strc-2003}
} 

% have pdf
@phdthesis{chrobok-phd,
  author	= {R. Chrobok},
  title		= {Theory and Application of Advanced Traffic Forecast Methods},
  school	= {Universit\"at Duisburg-Essen, Germany},
  year		= {2005}
}

@inproceedings{chrobok-2004,
  author	= {R. Chrobok and S.F. Hafstein and A. Pottmeier and M. Schreckenberg},
  title		= {{OLSIM}: future traffic information},
  booktitle	= {Proceedings of the {IASTED} International Conference, Applied Simulation and Modelling},
  year		= {2004},
  editor	= {},
  volume	= {443-142 (on CD)},
  organization	= {},
  series	= {},
  pages		= {},
  publisher	= {},
  address	= {Rhodes, Greece},
  month		= {June},
  note		= {}
}

% have pdf
@incollection{chrobok-2003,
  author	= {R. Chrobok and A. Pottmeier and J. Wahle and M. Schreckenberg}, 
  title		= {Traffic forecast using a combination of on-line simulation and traffic data}, 
  booktitle	= {Traffic and Granular Flow '01},
  publisher	= {Springer}, 
  year		= {2003},
  editor	= {M. Fukui and Y. Sugiyama and M. Schreckenberg and D.E. Wolf}, 
  volume	= {}, 
  type		= {}, 
  series	= {}, 
  edition	= {}, 
  chapter	= {}, 
  pages		= {345-350}, 
  address	= {}, 
  month		= {},
  note		= {}
}

% have pdf
@inproceedings{cohen-2004,
  author	= {S.L. Cohen},
  title		= {An Approach to calibration and validation of traffic simulation models},
  crossref	= {proc-trb-2004}
}

% have pdf draft
@article{coifman-2001,
  author	= {B. Coifman},
  title		= {Improved velocity estimation using single loop detectors},
  journal	= TRA,
  volume	= {35},
  number	= {10},
  pages 	= {863-880},
  month 	= {},
  year		= {2001},
  url		= {}
}

% have paper copy
@incollection{cremer-1991,
  author	= {M. Cremer}, 
  title		= {Origin-destination matrix, dynamic estimation},
  pages		= {310-315},
  crossref	= {concise-encyclopedia-1991}
}

% have pdf
@article{cremer-1987,
  author	= {M. Cremer and H. Keller},
  title		= {A new class of dynamic methods for the identification of origin-destination flows},
  journal	= TRB,
  volume	= {21},
  number	= {2},
  pages 	= {117-132},
  month 	= {},
  year		= {1987},
  url		= {}
}

@inproceedings{chu-2003,
  author	= {L. Chu and H.X. Liu and J.-S. Oh and W. Recker},
  title		= {A calibration procedure for microscopic traffic simulation},
  pages		= {1574-1579},
  volume	= {2},
  crossref	= {itsc-2003}
}

% have pdf
@inproceedings{chudak-2007,
  author	= {F.A. Chudak and V. Dos Santos Eleuterio and Y. Nesterov},
  title		= {Static traffic assignment problem. A comparison between {B}eckmann (1956) and {N}esterov \& de {P}alma (1998) models.},
  crossref	= {strc-2007}
} 

% have paper copy
@book{chui-1999,
  author	= {C.K. Chui and G. Chen}, 
  title		= {Kalman Filtering with Real-Time Applications},
  publisher	= {Springer},
  year		= {1999},
  series	= {Springer Series in Information Sciences},
  address	= {},
  addition	= {},
  month		= {},
  note		= {}
}

@article{daganzo-1977,
  author	= {C.F. Daganzo and Y. Sheffi},
  title	    = {On stochastic models of traffic assignment},
  journal	= {Transportation Science},
  volume	= {11},
  number	= {3},
  pages 	= {253-274},
  month 	= {},
  year	    = {1977},
  url		= {}
}

% have paper copy
@article{daganzo-1994,
  author	= {C.F. Daganzo},
  title		= {The cell transmission model: a dynamic representation of highway traffic consistent with the hydrodynamic theory},
  journal	= TRB,
  year		= {1994},
  volume	= {28},
  number	= {4},
  pages		= {269-287}
}

% have paper copy
@article{daganzo-1995,
  author	= {C.F. Daganzo},
  title		= {The cell transmission model, part {II}: network traffic},
  journal	= TRB,
  year		= {1995},
  volume	= {29},
  number	= {2},
  pages		= {79-93}
}

% have paper copy
@article{daganzo-1995a,
  author	= {C.F. Daganzo},
  title		= {Requiem for second-order fluid approximations of traffic flow},
  journal	= TRB,
  year		= {1995},
  volume	= {29},
  number	= {4},
  pages		= {277}
}

% have pdf
@article{daganzo-1995b,
  author	= {C.F. Daganzo},
  title		= {A finite difference approximation of the kinematic wave model of traffic flow},
  journal	= TRB,
  year		= {1995},
  volume	= {29},
  number	= {4},
  pages		= {261-276}
}

% have pdf
@article{daganzo-1997,
  author	= {C.F. Daganzo and W.-H. Lin and J.M. {del Castillo}},
  title		= {A simple physical principle for the simulation of freeways with special lanes and priority vehicles},
  journal	= TRB,
  year		= {1997},
  volume	= {31},
  number	= {2},
  pages		= {103-125}
}

% have pdf
@article{daganzo-1997a,
  author	= {C.F. Daganzo},
  title		= {A continuum theory of traffic dynamics for freeways with special lanes},
  journal	= TRB,
  year		= {1997},
  volume	= {31},
  number	= {2},
  pages		= {83-102}
}

% have pdf
@article{daganzo-1998,
  author	= {C.F. Daganzo},
  title		= {Queue spillovers in transportation networks with a route choice},
  journal	= {Transportation Science},
  year		= {1998},
  volume	= {32},
  number	= {1},
  pages		= {3-11}
}

@article{daganzo-2005,
  author	= {C. Daganzo},
  title		= {A variational formulation of kinematic waves: basic theory and complex boundary conditions},
  journal	= TRB,
  volume	= {39},
  number	= {2},
  pages 	= {187-196},
  month 	= {},
  year		= {2005},
  url		= {}
}

% have pdf
@article{daganzo-2006,
  author	= {C.F. Daganzo},
  title	= {In traffic flow, cellular automata = kinematic waves},
  journal	= TRB,
  year	= {2006},
  volume	= {40},
  number	= {5},
  pages	= {396-403}
}

% have pdf
@article{daly-2006,
  author	= {A. Daly and M. Bierlaire},
  title		= {A general and operational representation of {G}eneralised {E}xtreme {V}alue models},
  journal	= TRB,
  year		= {2006},
  volume	= {40},
  number	= {4},
  pages		= {285-305}
}

% have pdf
@article{davis-1993,
  author	= {G.A. Davis and N.L. Nihan},
  title		= {Large population approximations of a general stochastic traffic assignment model},
  journal	= {Operations Research},
  volume	= {41},
  number	= {1},
  pages 	= {169-178},
  month 	= {},
  year		= {1993},
  url		= {}
}

% have pdf
@article{deboer-2005,
  author	= {{P.-T. de Boer} and D.P. Kroese and S. Mannor and R.Y. Rubinstein},
  title		= {A tutorial on the cross-entropy method},
  journal	= {Annals of Operations Research},
  volume	= {134},
  number	= {},
  pages 	= {19-67},
  month 	= {},
  year		= {2005},
  url		= {}
}

% have paper copy
@article{depalma-2002,
  author	= {A. {De Palma} and F. Marchal},
  title		= {Real cases applications of the fully dynamic {METROPOLIS} tool-box: an advocacy for large-scale mesoscopic transportation systems},
  journal	= NSE,
  volume	= {2},
  pages 	= {347-369},
  year		= {2002}
}

@article{dial-1971,
  author	= {R.B. Dial},
  title		= {A probabilistic multipath traffic assignment model which obviates the need for path enumeration},
  journal	= {Transportation Research},
  volume	= {5},
  pages 	= {83-111},
  year		= {1971}
}

@inproceedings{dowling-2004,
  author	= {R. Dowling and A. Skarbadonis and J. Halkias and G.M. Hale and G. Zammit},
  title		= {Guidlines for calibration of microsimulation models: framework and applications},
  crossref	= {proc-trb-2004}
}

@misc{dot-its-www,
  key		= {dot},
  author	= {},
  title		= {{ITS} program of the {US} department of transport web site},
  howpublished  = {http://www.its.dot.gov},
  year		= {accessed 2011}
}

@misc{dracula-www,
  key		= {},
  author	= {{DRACULA}},
  title	= {{DRACULA} web site},
  howpublished  = {http://www.its.leeds.ac.uk/software/dracula/\\index.html},
  year	= {accessed 2011}
}

% have pdf
@article{draganska-2008,
  author	= {M. Draganska and S. Misra and V. Aguirregabiria and P. Bajari and L. Einav and P. Ellickson and D. Horsky and S. Narayanan and  Y. Orhun and P. Reiss and K. Seim and V. Singh and R. Thomadsen and T. Zhu},
  title		= {Discrete choice models of firm's strategic decisions},
  journal	= {Marketing Letters},
  volume	= {19},
  number	= {},
  pages 	= {399-416},
  month 	= {},
  year		= {2008},
  url		= {}
}

@incollection{dressler-2010,
  author 	= {D. Dressler and G. Fl\"otter\"od and G. L\"ammel and K. Nagel and M. Skutella},
  title 	= {Optimal evacuation solutions for large-scale scenarios},
  pages 	= {239-244},
  year 		= {2010},
  editor 	= {B. Hu and K. Morasch and S. Pickl and M. Siegle},
  booktitle	= {Operations Research Proceedings 2010. Selected Papers of the Annual International Conference of the German Operations Research Society},
  publisher = {Springer},
  address 	= {},
  note 		= {} 
}

@misc{dynamit-www,
  key		= {},
  author	= {{DynaMIT}},
  title	= {Dyna{MIT} web site},
  howpublished  = {http://web.mit.edu/its/dynamit.html},
  year	= {accessed 2011}
}

@misc{dynasmart-www,
  key		= {},
  author	= {Center for Microcomputers in Transportation, U.S. Department of Transportation's Federal Highway Administration},
  title		= {{DYNASMART} web site},
  howpublished	= {http://mctrans.ce.ufl.edu/featured/dynasmart/},
  year		= {accessed 2011}
}

@misc{dynameq-www,
  key		= {Dynameq},
  author 	= {{INRO}},
  title 	= {Dynameq web site},
  year 		= {accessed 2011},
  howpublished	= {http://www.inro.ca/en/products/dynameq/}
}

@misc{emme-www,
  key		    = {Emme},
  author 	    = {{INRO}},
  title 	    = {Emme web site},
  year 		    = {accessed 2011},
  howpublished	= {http://www.inro.ca/en/products/emme/index.php}
}

% have pdf
@article{errico-1997,
  author	= {R.M. Errico},
  title		= {What Is an adjoint model?},
  journal	= {Bulletin of the American Meteorological Society},
  volume	= {78},
  number	= {11},
  pages 	= {2577-2591},
  month 	= {},
  year		= {1997},
  url		= {}
}

% have pdf copy
@inproceedings{ernst-2005,
  author	= {I. Ernst and M. Hetscher and K. Thiessenhusen and M. Ruhe and A. B\"orner and S. Zuev},
  title		= {New approaches for real time traffic data acquisition with airborne systems},
  crossref	= {proc-trb-2005}
} 

% have pdf copy
@inproceedings{espie-2006,
  author	= {S. Espie and D. Gattuso and F. Galante},
  title		= {A hybrid traffic model coupling macro and behavioral micro simulation},
  crossref	= {proc-trb-2006}
} 

% have pdf
@incollection{esser-2001,
  author	= {J. Esser and K. Nagel}, 
  title		= {Iterative demand generation for transportation simulations},
  booktitle	= {The Leading Edge of Travel Behavior Research},
  publisher	= {Pergamon},
  year		= {2001},
  editor	= {D. Hensher and J. King}, 
  volume	= {},
  type		= {},
  series	= {},
  edition	= {},
  chapter	= {},
  pages		= {659-681},
  address	= {},
  month		= {},
  note		= {}
}

@ARTICLE{farooq-2013,
title = {Simulation based population synthesis},
author = {Farooq, Bilal and Bierlaire, Michel and Hurtubia, Ricardo and Fl\"otter\"od, Gunnar},
year = {2013},
journal = {Transportation Research Part B: Methodological},
volume = {58},
number = {C},
pages = {243-263}
}

@inproceedings{feldman-2002,
  author	= {O. Feldman and M.J. Maher},
  title		= {The optimisation of traffic signals using a cell transmission model},
  booktitle	= {Proceedings of the 9th Meeting of the {EURO} Working Group on Transportation},
  year		= {2002},
  editor	= {},
  volume	= {}, 
  organization	= {},
  series	= {},
  pages		= {503-507},
  publisher	= {},
  address	= {Bari, Italy},
  month		= {June},
  note		= {},
  url		= {}
} 

% have partial paper copy
@book{ferber-1999,
  author	= {J. Ferber},
  title		= {Multi-Agent Systems. An Introduction to Distributed Artificial Intelligence},
  publisher	= {Addison-Wesley},
  year		= {1999},
  note		= {Chapter 4: Action and Behaviour}
}

@inproceedings{fetiarison-2010b,
  author	= {M. Fetiarison and G. Fl\"otter\"od and M. Bierlaire},
  title		= {Evaluation of pedestrian data collection methods within a simulation framework},
  crossref	= {etc-2010},
  pages		= {}
} 

@inproceedings{fetiarison-2010a,
  author	= {M. Fetiarison and G. Fl\"otter\"od and M. Bierlaire},
  title		= {Evaluation of pedestrian data collection methods within a simulation framework},
  crossref	= {strc-2010},
  pages		= {}
} 

% have pdf
@article{fisk-1984,
  author	= {C.S. Fisk},
  title		= {Game theory and transportation systems modelling},
  journal	= TRB,
  volume	= {18},
  number	= {4/5},
  pages 	= {301-313},
  month 	= {},
  year		= {1984},
  url		= {}
}

@inproceedings{floetteroed-2005,
  author	= {G. Fl\"otter\"od and K. Nagel},
  title		= {Some practical extensions to the cell transmission model},
  crossref	= {itsc-2005},
  pages		= {510-515}
} 

@techreport{floetteroed-2006a,
  author	= {G. Fl\"otter\"od and K. Nagel},
  title		= {Simulation and optimization of trajectories in a congested network},
  institution	= {Berlin Institute of Technology},
  year		= {2006},
  type		= {},
  number	= {06-02},
  address	= {Berlin, Germany},
  month		= {},
  note		= {},
  url		= {www.vsp.tu-berlin.de/publications/}
}

@inproceedings{floetteroed-2006b,
  author	= {G. Fl\"otter\"od and K. Nagel},
  title		= {Modeling and estimation of combined route and activity location choice},
  crossref	= {itsc-2006},
  pages		= {394-399}
} 

@inproceedings{floetteroed-2007a,
  author	= {G. Fl\"otter\"od and K. Nagel},
  title		= {State estimation for multi-agent simulations of traffic},
  booktitle	= {Proceedings of the 2007 World Conference on Transport Research},
  year		= {2007},
  editor	= {},
  volume	= {},
  organization	= {},
  series	= {},
  pages		= {},
  publisher	= {},
  address	= {Berkeley, California},
  month		= {June},
  note		= {},
  url		= {www.vsp.tu-berlin.de/publications/}
} 

@techreport{floetteroed-2007b,
  author	= {G. Fl\"otter\"od and K. Nagel},
  title		= {Modeling and estimation of combined route and activity location choice},
  institution	= {Berlin Institute of Technology},
  year		= {2007},
  type		= {},
  number	= {07-04},
  address	= {Berlin, Germany},
  month 	= {},
  url		= {www.vsp.tu-berlin.de/publications/}
}

@inproceedings{floetteroed-2007c,
  author	= {G. Fl\"otter\"od and K. Nagel},
  title		= {High-speed combined micro/macro simulation of traffic flow},
  crossref	= {itsc-2007},
  pages		= {1-6}
}

@phdthesis{floetteroed-phd,
  author	= {G. Fl\"otter\"od},
  title		= {Traffic State Estimation with Multi-Agent Simulations},
  school	= {Berlin Institute of Technology},
  address	= {Berlin, Germany},
  year		= {2008}
}

@inproceedings{floetteroed-2008a,
  author	= {G. Fl\"otter\"od},
  title		= {A fully disaggregate approach to the calibration of simulation-based {DTA}},
  booktitle	= {Proceedings of the 2nd International Symposium on Dynamic Traffic Assignment},
  year		= {2008},
  editor	= {},
  volume	= {}, 
  organization	= {},
  series	= {},
  pages		= {},
  publisher	= {},
  address	= {Leuven, Belgium},
  month		= {June},
  note		= {}
} 

@inproceedings{floetteroed-2008b,
  author	= {G. Fl\"otter\"od and K. Nagel},
  title		= {Online traffic state estimation with multi-agent simulations},
  booktitle	= {Proceedings of the 4th International Symposium Networks for Mobility},
  year		= {2008},
  editor	= {},
  volume	= {}, 
  organization	= {},
  series	= {},
  pages		= {},
  publisher	= {},
  address	= {Stuttgart, Germany},
  month		= {September},
  note		= {}
}

@techreport{floetteroed-2008c,
  author	= {G. Fl\"otter\"od and M. Bierlaire and K. Nagel},
  title		= {Bayesian calibration of dynamic traffic simulations},
  institution	= {Berlin Institute of Technology \& Ecole Polytechnique F\'ed\'erale de Lausanne},
  year		= {2008},
  type		= {},
  number	= {VSP 08-19 \& TRANSP-OR 081028}
}

@techreport{floetteroed-2009a,
  author	= {G. Fl\"otter\"od},
  title		= {Macroscopic network loading of microscopic travel demand},
  institution	= {Ecole Polytechnique F\'ed\'erale de Lausanne},
  year		= {2009},
  type		= {},
  number	= {TRANSP-OR 090115}
}

@inproceedings{floetteroed-2009b,
  author	= {G. Fl\"otter\"od and Y. Chen and M. Rieser and K. Nagel},
  title	    = {Behavioral calibration of a large-scale travel behavior microsimulation},
  booktitle = {Proceedings of 12th International Conference on Travel Behaviour Research},
  year	    = {2009},
  month     = {December},
  address	= {Jaipur, India},
  note      = {}
}

@inproceedings{floetteroed-2009c,
  author	= {G. Fl\"otter\"od and M. Bierlaire},
  title	= {Improved estimation of travel demand from traffic counts by a new linearization of the network loading map},
  booktitle = {Proceedings of the European Transport Conference},
  year	= {2009},
  month	= {October},
  address	= {Noordwijkerhout, The Netherlands},
  note =	 {}
}

@inproceedings{floetteroed-2009d,
  author	= {G. Fl\"otter\"od},
  title	= {Cadyts -- a free calibration tool for dynamic traffic simulations},
  crossref	= {strc-2009}
}

@techreport{floetteroed-2009e,
  author	= {G. Fl\"otter\"od and J. Rohde},
  title		= {Modeling complex intersections with the cell-transmission model},
  institution	= {Ecole Polytechnique F\'ed\'erale de Lausanne \& Technical University Carolo-Wilhelmina of Braunschweig},
  year		= {2009},
  type		= {},
  number	= {TRANSP-OR 090719}
}

@techreport{floetteroed-2010,
  author	= {G. Fl\"otter\"od and M. Bierlaire and K. Nagel},
  title		= {Bayesian demand calibration for dynamic traffic simulations},
  institution	= {Ecole Polytechnique F\'ed\'erale de Lausanne \& Berlin Institute of Technology},
  year		= {2010},
  type		= {},
  number	= {TRANSP-OR 100105}
}

@Incollection{floetteroed-2010a,
  author 	= {G. Fl\"otter\"od},
  title 	= {Macroscopic network loading of microscopic network demand},
  pages 	= {263-279},
  year 		= {2010},
  editor 	= {C.M.J. Tamp\`ere and F. Viti and B.L.H. Immers},
  booktitle	= {New Developments in Transport Planning: Advances in Dynamic Traffic Assignment},
  publisher = {Edward Elgar},
  address 	= {}
}

@incollection{floetteroed-2010b,
  author 	= {G. Fl\"otter\"od and M. Bierlaire},
  title 	= {Running urban microsimulations consistently with real-world data},
  pages 	= {181-199},
  year 		= {2012},
  editor 	= {S. {M\"uller Arisona} and G. Aschwanden and J. Halatsch},
  booktitle	= {Digital Urban Modelling and Simulation},
  publisher = {Springer},
  address 	= {Heidelberg, Dordrecht, London, New York},
  note 		= {} 
}

@inproceedings{floetteroed-2010c,
  author	= {G. Fl\"otter\"od},
  title		= {A general methodology and a free software for the demand calibration of {DTA} models},
  booktitle = {Proceedings of the 3rd International Symposium on Dynamic Traffic Assignment},
  editor	= {},
  year 		= {2010},
  month		= {July},
  address 	= {Takayama, Japan},
  publisher	= {}
} 

@article{floetteroed-2010e,
  author	= {G. Fl\"otter\"od and M. Bierlaire and K. Nagel},
  title		= {Bayesian demand calibration for dynamic traffic simulations},
  journal	= {Transportation Science},
  volume	= {45},
  number	= {4},
  pages 	= {541-561},
  month 	= {},
  year		= {2011},
  url		= {}
}

@inproceedings{floetteroed-2010f,
  author	= {G. Fl\"otter\"od and G. L\"ammel},
  title		= {Evacuation simulation with limited capacity sinks},
  booktitle = {Proceedings of the International Conference on Evolutionary Computation},
  editor	= {},
  year 		= {2010},
  month		= {October},
  address 	= {Valencia, Spain},
  publisher	= {}
} 

@techreport{floetteroed-2010g,
  author	= {G. Fl\"otter\"od and Y. Chen and K. Nagel},
  title		= {Behavioral calibration and analysis of a large-scale travel microsimulation},
  institution	= {Transport and Mobility Laboratory, Ecole Polytechnique F\'ed\'erale de Lausanne},
  year		= {2010},
  type		= {},
  number	= {TRANSP-OR 101212},
  address	= {},
  month		= {},
  note		= {}
}

@techreport{floetteroed-2010h,
  author	= {G. Fl\"otter\"od and J. Rohde},
  title		= {Operational macroscopic modeling of complex urban road intersections},
  institution	= {Transport and Mobility Laboratory, Ecole Polytechnique F\'ed\'erale de Lausanne},
  year		= {2010},
  type		= {},
  number	= {TRANSP-OR 101203},
  address	= {},
  month		= {},
  note		= {}
}

@techreport{floetteroed-2010i,
  author	= {G. Fl\"otter\"od and R. Liu},
  title		= {Disaggregate path flow estimation in an iterated {DTA} microsimulation},
  institution	= {Transport and Mobility Laboratory, Ecole Polytechnique F\'ed\'erale de Lausanne},
  year		= {2010},
  type		= {},
  number	= {TRANSP-OR 101116},
  address	= {},
  month		= {},
  note		= {}
}

@article{floetteroed-2011a,
  author	= {G. Fl\"otter\"od and J. Rohde},
  title		= {Operational macroscopic modeling of complex urban road intersections},
  journal	= TRB,
  volume	= {45},
  number	= {6},
  pages 	= {903-922},
  month 	= {},
  year		= {2011},
  url		= {}
}

@techreport{floetteroed-2011b,
  author	= {G. Fl\"otter\"od and M. Bierlaire},
  title		= {{M}etropolis-{H}astings sampling of paths},
  institution = {Transport and Mobility Laboratory, Ecole Polytechnique F\'ed\'erale de Lausanne},
  year		= {2011},
  number	= {TRANSP-OR 110606}
}

@article{floetteroed-2011c,
  author	= {G. Fl\"otter\"od and Y. Chen and K. Nagel},
  title		= {Behavioral calibration and analysis of a large-scale travel microsimulation},
  journal	= NSE,
  volume	= {12},
  number	= {4},
  pages 	= {481-502},
  month 	= {},
  year		= {2012},
  url		= {}
}

@inproceedings{floetteroed-2012,
  author	= {G. Fl\"otter\"od and Y. Chen and K. Nagel},
  title		= {Choice model refinement from network data},
  booktitle = {Proceedings of IATBR 2012, The 13th International Conference on Travel Behavior Research},
  editor	= {},
  year 		= {2012},
  month		= {},
  address 	= {Toronto, Canada},
  publisher	= {}
} 

@article{floetteroed-2012b,
  author	= {G. Fl\"otter\"od and M. Bierlaire},
  title		= {{M}etropolis-{H}astings sampling of paths},
  journal	= TRB,
  volume	= {48},
  number	= {},
  pages 	= {53 - 66},
  month 	= {},
  year		= {2013},
  url		= {}
}


@techreport{floetteroed-2013,
  author	= {G. Fl\"otter\"od and C. Osorio},
  title		= {Analytical approximation of transient joint queue-length distributions within finite capacity {M}arkovian networks},
  institution = {KTH Royal Institute of Technology and Massachusetts Institute of Technology},
  year		= {2013},
  number	= {}
}

% VSP 
@book{fowler-1999,			 
  author	= {M. Fowler}, 
  title		= {Refactoring. Improving the Design of Existing Code},
  publisher	= {Addison-Wesley},
  year		= {1999},
  volume 	= {},
  series	= {The Addison-Wesley Object Technology Series},
  address	= {},
  addition	= {},
  month		= {},
  note		= {}
}

% have pdf
@article{frank-1956,
  author	= {M. Frank and P. Wolfe},
  title		= {An algorithm for quadratic programming},
  journal	= {Naval Research Logistics Quarterly},
  volume	= {3},
  number	= {},
  pages 	= {95-110},
  month 	= {},
  year		= {1956},
  url		= {}
}

@phdthesis{frederix-phd,
  author	= {R. Frederix},
  title		= {Dynamic {OD} estimation in large-scale congested networks},
  school	= {KU Leuven},
  year		= {2012}
}

% have paper copy
@InCollection{frejinger-2010,
  author 	= {E. Frejinger and M. Bierlaire},
  title 	= {On path generation algorithms for route choice models},
  pages 	= {307-315},
  year 		= {2010},
  editor 	= {},
  booktitle	= {Choice modelling: the state-of-the-art and the state-of-practice},
  publisher = {Emerald Group Publishing Limited},
  address 	= {}
}

% have pdf
@article{frejinger-2009,
  author	= {E. Frejinger and M. Bierlaire and M. Ben-Akiva},
  title		= {Sampling of alternatives for route choice modeling},
  journal	= TRB,
  volume	= {43},
  number	= {10},
  pages 	= {984-994},
  month 	= {},
  year		= {2009},
  url		= {}
}

% have pdf
@phdthesis{frejinger-phd,
  author	= {E. Frejinger},
  title		= {Route Choice Analysis: Data, Models, Algorithms and Applications},
  school	= {\'Ecole Polytechnique F\'ed\'erale de Lausanne},
  year		= {2008}
}

% have pdf
@article{frejinger-2006,
  author	= {E. Frejinger and M. Bierlaire},
  title		= {Capturing correlation with subnetworks in route choice models},
  journal	= TRB,
  volume	= {41},
  number	= {3},
  pages 	= {363-378},
  month 	= {},
  year		= {2007},
  url		= {}
}

% have pdf
@inproceedings{friedrich-2004,
  author	= {B. Friedrich},
  title		= {Traffic monitoring and control in metropolitan areas},
  booktitle	= {Proceedings of the 2nd International Symposium Networks for Mobility},
  year		= {2004},
  editor	= {},
  volume	= {}, 
  organization	= {},
  series	= {},
  pages		= {},
  publisher	= {},
  address	= {Stuttgart, Germany},
  month		= {},
  note		= {}
}

@book{fukunaga-1972,
  author	= {K. Fukunaga},
  title		= {Introduction to Statistical Pattern Recognition},
  publisher	= {Academic Press},
  year		= {1972},
  volume 	= {},
  series	= {Electrical Science Series},
  address	= {New York and London},
  addition	= {},
  month		= {},
  note		= {Chapter 7: Successive Parameter Estimation}
}

% have paper copy
@InCollection{gaerling-2004,
  author 	= {T. G\"arling},
  title 	= {The feasible infeasibility of activity scheduling},
  pages 	= {231-250},
  crossref	= {human-behaviour-2004}
}

% have paper copy
@book{gamma-1994, 
  author	= {E. Gamma and R. Helm and R. Johnson and J. Vlissides}, 
  title		= {Design Patterns},
  publisher	= {Addison--Wesley},
  year		= {1994},
  volume 	= {},
  series	= {Addison--Wesley Professional Computing Series},
  address	= {},
  addition	= {},
  month		= {},
  note		= {}
}

% have pdf
@article{gao-2008,
  author	= {S. Gao and E. Frejinger and M. Ben-Akiva},
  title		= {Adaptive route choice models in stochastic time-dependent networks},
  journal	= TRR,
  volume	= {2085},
  number	= {},
  pages 	= {136-143},
  month 	= {},
  year		= {2008},
  url		= {}
}

% have pdf
@article{gao-2010,
  author	= {S. Gao and E. Frejinger and M. Ben-Akiva},
  title		= {Adaptive route choices in risky traffic networks: a prospect theory approach},
  journal	= TRC,
  volume	= {18},
  number	= {5},
  pages 	= {727-740},
  month 	= {},
  year		= {2010},
  url		= {}
}

% have pdf
@article{garcia-2000,
  author	= {A. Garcia and D. Reaume and R.L. Smith},
  title		= {Fictitious play for finding system optimal routings in dynamic traffic networks},
  journal	= TRB,
  volume	= {34},
  number	= {2},
  pages 	= {147-156},
  month 	= {},
  year		= {2000},
  url		= {}
}

@article{gaudry-1979,
  author	= {M.J.I. Gaudry and M.G. Dagenais},
  title	= {The dogit model},
  journal	= TRB,
  volume	= {13},
  number	= {},
  pages	= {105-111},
  year	= {1979}
}

% have pdf
@article{gawron-1998,
  author	= {C. Gawron},
  title	= {An iterative algorithm to determine the dynamic user equilibrium in a traffic simulation model},
  journal	= {International Journal of Modern Physics C},
  volume	= {9},
  number	= {3},
  pages 	= {393-407},
  month 	= {},
  year	= {1998},
  url		= {}
}

% have pdf
@article{geem-2008,
  author	= {Z.W. Geem},
  title	= {Novel derivative of harmony search algorithm for discrete design variables},
  journal	= {Applied Mathematics and Computation},
  volume	= {199},
  number	= {1},
  pages 	= {223-230},
  month 	= {},
  publisher	= {},
  year	= {2008},
  url		= {}
}

% have pdf
@article{gelfand-1990,
  author        = {A.E. Gelfand and A.F.M. Smith},
  title         = {Sampling-based procedures to calculating marginal densities},
  journal       = {Journal of the American Statistical Association},
  volume        = {85},
  number        = {410},
  pages         = {398-409},
  month         = {},
  year          = {1990},
  url		= {}
}

% have pdf
@article{gentile-2007,
  author	= {G. Gentile and L. Meschini and N. Papola},
  title		= {Spillback congestion in dynamic traffic assignment: a macroscopic flow model with time-varying bottlenecks},
  journal	= TRB,
  year		= {2007},
  volume	= {41},
  number	= {10},
  pages		= {1114-1138}
}

% have pdf
@misc{ghauche-2010,
  author 	   = {A. Ghauche},
  title 	   = {Integrated transportation and energy activity-based model},
  year 		   = {2010},
  howpublished = {Master thesis, Massachusetts Institute of Technology}
}

@book{golub-1996,
  author	= {G.H. Golub and C.F. {van Loan}}, 
  title	= {Matrix computations},
  publisher	= {The John Hopkins University Press},
  year	= {1996},
  volume 	= {},
  series	= {},
  address	= {},
  addition	= {},
  month	= {},
  note	= {3rd edition}
}

@article{gingold-1977,
  author 	= {R.A. Gingold J.J. Monaghan},
  title 	= {Smoothed particle hydrodynamics - Theory and application to non-spherical stars},
  journal 	= {Monthly Notices of the Royal Astronomical Society},
  volume 	= {181},
  year 		= {1977},
  pages 	= {375-389}
}

% have pdf
@article{goodman-1962,
  author        = {L.A. Goodman},
  title         = {The variance of the product of {K} random variables},
  journal       = {Journal of the American Statistical Association},
  volume        = {57},
  number        = {297},
  pages         = {54-60},
  month         = {},
  year          = {1962},
  url		= {}
}

% have pdf
@misc{goodings-2010,
  author 	   = {P. Goodings Schwartz},
  title 	   = {Modeling for strategic robustness},
  year 		   = {2010},
  howpublished = {Master thesis, Massachusetts Institute of Technology}
}

@article{gourioux-1993,
  author={Gourieroux, C and Monfort, A and Renault, E},
  title={{Indirect Inference}},
  journal={Journal of Applied Econometrics},
  year=1993,
  volume={8},
  number={S},
  pages={S85-118}
}

@book{gourieroux-vol1-1995,			 
  author	= {C. Gourieroux and A. Monfort}, 
  title		= {Statistics and Econometric Models 1},
  publisher	= {Cambridge University Press},
  year		= {1995},
  volume 	= {},
  series	= {Themes in Modern Econometrics},
  address	= {},
  addition	= {},
  month		= {},
  note		= {}
}

@book{gourieroux-vol2-1995,			 
  author	= {C. Gourieroux and A. Monfort}, 
  title		= {Statistics and Econometric Models 2},
  publisher	= {Cambridge University Press},
  year		= {1995},
  volume 	= {},
  series	= {Themes in Modern Econometrics},
  address	= {},
  addition	= {},
  month		= {},
  note		= {}
}

% TRANSP-OR
@book{greene-2003,			 
  author	= {W.H. Greene}, 
  title		= {Econometric Analysis},
  publisher	= {Prentice Hall},
  year		= {2003},
  volume 	= {},
  series	= {},
  address	= {},
  addition	= {},
  month		= {},
  note		= {5th edition}
}

@inproceedings{greenshields-1935,
  author 	= {B.D. Greenshields},
  title 	= {A study of traffic capacity},
  booktitle 	= {Proceedings of the Annual Meeting of the Highway Research Board},
  pages 	= {448-477},
  year 		= {1935},
  volume 	= {14}
}

@inproceedings{grether-2008,
  author	= {D. Grether and Y. Chen and M. Rieser and U. Beuck and K. Nagel},
  title	= {Emergent effects in multi-agent simulations of road pricing},
  booktitle	= {Proceedings of the Annual Meeting of the European Regional Science Association {ERSA}},
  year	= {2008},
  editor	= {},
  volume	= {}, 
  organization = {},
  series	= {},
  pages	= {},
  publisher	= {},
  address	= {},
  month	= {},
  note	= {},
  url		= {}
} 

@inproceedings{guevara-2010,
  author	= {C.A. Guevara and M.E. Ben-Akiva},
  title		= {Sampling of alternatives in multivariate extreme value {(MEV)} models},
  booktitle	= {Proceedings of the 12th World Conference on Transport Research},
  address	= {Lisbon, Portugal},
  month		= {July},
  year		= {2010}
}

@inproceedings{guevara-2011,
  author	= {C.A. Guevara and M.E. Ben-Akiva},
  title		= {Addressing endogeneity in discrete choice models: assessing control-function and latent-variable methods},
  booktitle	= {Proceedings of the 2nd International Choice Modeling Conference},
  address	= {Oulton Hall, England},
  month		= {July},
  year		= {2011}
}

% have pdf
@inproceedings{haj-salem-1994,
  author	= {H. {Haj Salem} and J. Chrisoulakis and M. Papageorgiou and N. Elloumi and P. Papadakos},
  title		= {The use of metacor tool for integrated urban and interurban traffic control. Evaluation in corridor peripherique, {P}aris},
  booktitle	= {Proceedings of the Vehicle Navigation and Information Systems Conference},
  year		= {1994},
  editor	= {},
  volume	= {},
  organization	= {},
  series	= {},
  pages		= {645-650},
  publisher	= {},
  address	= {Yokohama, Japan},
  month		= {August/September}
} 

% have pdf
@article{hall-1993,
  author	= {R.W. Hall},
  title		= {Non-recurrent congestion: how big is the problem? {A}re traveler information systems the solution?},
  journal	= TRC,
  year		= {1993},
  volume	= {1},
  number	= {1},
  pages		= {89-103}
}

@article{han-2007,
  author	= {S. Han},
  title	= {A route-based solution algorithm for dynamic user equilibrium assignment},
  journal	= TRB,
  volume	= {41},
  number	= {10},
  pages	= {1094-1113},
  year	= {2007}
}

@article{hastings-1970,
  author	= {W.K. Hastings},
  title		= {{M}onte {C}arlo sampling methods using {M}arkov chains and their applications},
  journal	= {Biometrika},
  volume	= {57},
  number	= {1},
  pages 	= {97-109},
  month 	= {},
  year		= {1970},
  url		= {}
}

% have pdf
@article{hato-2010,
  author	= {E. Hato},
  title		= {Development of behavioral context addressable loggers in the shell for travel-activity analysis},
  journal	= TRC,
  volume	= {18},
  number	= {1},
  pages 	= {55-67},
  month 	= {},
  year		= {2010},
  url		= {}
}

@book{haykin-2002,
  author	= {S. Haykin}, 
  title	= {Adaptive filter theory},
  publisher	= {Prentice-Hall},
  year	= {2002},
  volume 	= {},
  series	= {},
  address	= {},
  addition	= {},
  month	= {},
  note	= {4th edition}
}

% have pdf
@article{hazelton-2008,
  author	= {M.L. Hazelton},
  title		= {Statistical inference for time varying origin-destination matrices},
  journal	= TRB,
  volume	= {42},
  number	= {6},
  pages		= {542-552},
  month 	= {},
  year		= {2008},
  url		= {}
}

% have pdf
@article{hazelton-2002,
  author	= {M.L. Hazelton},
  title		= {Day-to-day variation in {M}arkovian traffic assignment models},
  journal	= TRB,
  volume	= {36},
  number	= {7},
  pages		= {637-648},
  month 	= {},
  year		= {2002},
  url		= {}
}

% have pdf
@article{hazelton-1998,
  author	= {M.L. Hazelton},
  title		= {Some remarks on stochastic user equilibrium},
  journal	= TRB,
  volume	= {32},
  number	= {2},
  pages		= {101-108},
  month 	= {},
  year		= {1998},
  url		= {}
}

% have pdf
@article{herty-2003,
  author	= {M. Herty and A. Klar},
  title		= {Modeling, simulation, and optimization of traffic flow networks},
  journal	= {{SIAM} Journal on Scientific Computing},
  volume	= {25},
  number	= {3},
  pages 	= {1066-1087},
  month 	= {},
  year		= {2003},
  url		= {}
}

@techreport{hobeika-2005,
  author	= {A. Hobeika},
  title		= {{TRANSIMS} fundamentals},
  year		= {2005},
  type		= {},
  address	= {http://tmip.fhwa.dot.gov/resources/clearinghouse/docs/transims_fundamentals/},
  institution	= {{US} {D}epartment of {T}ransportation}
}

@book{hbs-2002,
  author	= {{Forschungs\-gesellschaft f\"ur Strassen und Verkehrs\-wesen}}, 
  title		= {Handbuch f\"ur die Bemessung von Strassenverkehrsanlagen},
  publisher	= {{FSGV} Verlag {GmbH}},
  year		= {2001},
  volume 	= {},
  series	= {},
  address	= {K\"oln},
  addition	= {},
  month		= {},
  note		= {}
}

% have pdf
@inproceedings{hegyi-2006,
  author	= {A. Hegyi and D. Girimonte and R. Babuska and B. De Schutter},
  title		= {A comparison of filter configurations for freeway traffic state estimation},
  crossref	= {itsc-2006},
  pages		= {1029-1034}
} 

@article{heidelberger-1995,
 author = {Heidelberger, Philip},
 title = {Fast Simulation of Rare Events in Queueing and Reliability Models},
 journal = {ACM Trans. Model. Comput. Simul.},
 issue_date = {Jan. 1995},
 volume = {5},
 number = {1},
 month = jan,
 year = {1995},
 issn = {1049-3301},
 pages = {43--85},
 numpages = {43},
 url = {http://doi.acm.org/10.1145/203091.203094},
 doi = {10.1145/203091.203094},
 acmid = {203094},
 publisher = {ACM},
 address = {New York, NY, USA},
 keywords = {importance sampling, queueing models, rare event, reliability models, variance reduction},
} 


@article{heidemann-2001,
  author	= {D. Heidemann},
  title		= {A queueing theory model of nonstationary traffic flow},
  journal	= {Transportation Science},
  volume	= {35},
  number	= {4},
  pages 	= {405-412},
  month 	= {},
  year		= {2001},
  url		= {}
}

% have pdf
@article{helbing-2003,
  author	= {D. Helbing},
  title		= {A section-based queuing-theoretical model for congestion and travel time analysis in networks},
  journal	= {Journal of {P}hysics {A}: {M}athematical and {G}eneral},
  year		= {2003},
  volume	= {36},
  number	= {},
  pages		= {L593-L598},
  month		= {},
  note		= {}
}

% have pdf
@article{helbing-2001,
  author	= {D. Helbing and P. Moln\'ar and I.J. Farkas and K. Bolay},
  title	= {Self-organizing pedestrian movement},
  journal	= {{E}nvironment and {P}lanning {B}: {P}lanning and {D}esign},
  year	= {2001},
  volume	= {28},
  number	= {},
  pages	= {361-383},
  month	= {},
  note	= {}
}

@article{helbing-2001b,
  title = {Traffic and related self-driven many-particle systems},
  author = {Helbing, Dirk},
  journal = {Rev. Mod. Phys.},
  volume = {73},
  issue = {4},
  pages = {1067-1141},
  year = {2001},
  publisher = {American Physical Society}
}

% have pdf
@article{helbing-2000,
  author	= {D. Helbing and I. Farkas and T. Vicsek},
  title	= {Simulating dynamical features of escape panic},
  journal	= {Nature},
  year	= {2000},
  volume	= {407},
  number	= {28},
  pages	= {487-490}
}

% have pdf
@article{helbing-1995,
  author	= {D. Helbing and P. Moln\'ar},
  title	= {Social force model for pedestrian dynamics},
  journal	= {Physical review E},
  year	= {1995},
  volume	= {51},
  number	= {5},
  pages	= {4282-4286}
}

% have paper copy
@phdthesis{hilliges-phd,
  author	= {M. Hilliges},
  title		= {Ein ph\"anomenologisches {M}odell des dynamischen {V}erkehrsflusses in {S}chnellstrassennetzen},
  school	= {Universit\"at Stuttgart, Germany},
  year		= {1996}
}

% have pdf
@article{hilliges-1995,
  author	= {M. Hilliges and W. Weidlich},
  title		= {A phenomenological model for dynamic traffic flow in networks},
  journal	= TRB,
  year		= {1995},
  volume	= {29},
  number	= {6},
  pages		= {407-431},
  month		= {},
  note		= {}
}		

@misc{himpe-2010,
  author 	= {W. Himpe},
  title 	= {Combining heterogeneous sensor information for the activity tracking of smart phone users},
  year 		= {2010},
  howpublished	= {Master thesis, Katholieke Universiteit Leuven and Ecole Polytechnique F�d�rale de Lausanne}
}

@misc{himpe-2010b,
  author	= {W. Himpe and G. Fl\"otter\"od and M. Bierlaire and R. Hurtubia},
  title		= {Modeling the dynamics of all-day activity plans},
  crossref  = {tristan-2010}
}

% have pdf copy
@inproceedings{hinz-2007,
  author	= {S. Hinz and D. Lenhart and J. Leitloff},
  title		= {Detection and tracking of vehicles in low framerate aerial image sequences},
  booktitle	= {{ISPRS} Workshop, High Resolution Earth Imaging for Geospatial Information},
  year		= {2007},
  editor	= {},
  volume	= {},
  organization	= {},
  series	= {},
  pages		= {},
  publisher	= {},
  address	= {Hannover, Germany},
  month		= {May/June},
  note		= {}
}  

% have pdf
@article{holden-1995,
  author	= {H. Holden and N.H. Risebro},
  title		= {A mathematical model of traffic flow on a network of unidirectional roads},
  journal	= {{SIAM} Journal on Mathematical Analysis},
  volume	= {26},
  number	= {4},
  pages 	= {999-1017},
  month 	= {},
  year		= {1995},
  url		= {}
}

@book{holland-1975,
  author	= {J.H. Holland},
  title		= {Adaptation in Natural and Artificial Systems},
  publisher	= {University of Michigan Press},
  address	= {},
  year		= {1975},
  isbn		= {},
  note		= {}
}

% have pdf
@article{hoogendoorn-2001,
  author	= {S.P. Hoogendoorn and P.H.L. Bovy},
  title		= {State-of-the-art of vehicular traffic flow modelling},
  journal	= {Proceedings of the Institution of Mechanical Engineers. Part I: Journal of Systems and Control Engineering},
  year		= {2001},
  volume	= {215},
  number	= {4},
  pages		= {283-303}
}

% have paper copy
@incollection{hoogendorn-2002,
  author	= {S.P. Hoogendoorn and P.H.L. Bovy and W. Daamen},
  title	= {Microscopic pedestrian wayfinding and dynamics modelling},
  crossref	= {pedestrian-dynamics-2002},
  pages	= {123-154}
} 

@article{hoogendoorn-2004a,
  author	= {S.P. Hoogendoorn and P.H.L. Bovy},
  title	= {Pedestrian route-choice and activity scheduling theory and models},
  journal	= TRB,
  volume	= {38},
  number	= {2},
  pages	= {169-190},
  year	= {2004}
}

@article{hoogendoorn-2004b,
  author	= {S.P. Hoogendoorn and P.H.L. Bovy},
  title	= {Dynamic user-optimal assignment in continuous time and space},
  journal	= TRB,
  volume	= {38},
  number	= {7},
  pages	= {571 - 592},
  year	= {2004}
}

@article{horni-2009,
  author  = {A. Horni and D.M. Scott and M. Balmer and K.W. Axhausen},
  title   = {Location choice modeling for shopping and leisure activities with {MATSim}: combining micro-simulation and time geography},
  journal = TRR,
  volume  = {2135},
  number  = {},
  pages	  = {87-95},
  year	  = {2009}
}

% have pdf
@techreport{horni-2008,
  author	= {A. Horni and D.M. Scott and M. Balmer and K.W. Axhausen},
  title	= {Location choice modeling for shopping and leisure activities with {MATSim}: combining micro-simulation and time geography},
  year	= {2008},
  number	= {527},
  type	= {},
  address	= {},
  institution = {Institute for Transport Planning and Systems, Swiss Federal Institute of Technology Zurich}
}

@incollection{beser-2002,
  author	= {M. {Beser Hugosson} and S. Algers}, 
  title		= {{SAMPERS} -- the new {S}wedish national travel demand forecasting tool}, 
  booktitle	= {National Transport Models -- Recent Developments and Prospects},
  publisher	= {Springer}, 
  year		= {2002},
  editor	= {}, 
  volume	= {}, 
  type		= {}, 
  series	= {Advances in Spatial Science}, 
  edition	= {}, 
  chapter	= {9}, 
  pages		= {101-118}, 
  address	= {}, 
  month		= {},
  note		= {}
}

% have pdf
@inproceedings{huisken-2003,
  author	= {G. Huisken and E. {van Berkum}},
  title		= {A comparative analysis of short-range travel time prediction methods},
  crossref	= {proc-trb-2003}
} 

% have pdf
@article{hunter-2008,
  author	= {D.R. Hunter and M.S. Handcock and C.T. Butts and S.M. Goodreau and M. Morris},
  title		= {{ergm}: A package to fit, simulate and diagnose exponential-family models for networks},
  journal	= {Journal of Statistical Software},
  year		= {2008},
  volume	= {24},
  number	= {3},
  pages		= {}
}

@inproceedings{hurtubia-2009,
  author	= {R. Hurtubia and G. Fl\"otter\"od and M. Bierlaire},
  title		= {Inferring the activities of smartphone users from context measurements using {B}ayesian inference and random utility models},
  booktitle = {Proceedings of the European Transport Conference},
  year		= {2009},
  month		= {October},
  address	= {Noordwijkerhout, The Netherlands},
  note 		= {}
}

@inproceedings{hurtubia-2010a,
  author	= {R. Hurtubia and G. Fl\"otter\"od and M. Bierlaire},
  title		= {Comparative analysis of hedonic rents and maximum bids in a land-use simulation context},
  crossref	= {strc-2010},
  pages		= {}
} 

@inproceedings{hurtubia-2010b,
  author	= {R. Hurtubia and G. Fl\"otter\"od and M. Bierlaire},
  title		= {Estimation techniques for {MEV} models with sampling of alternatives},
  crossref	= {etc-2010},
  pages		= {}
}

% have pdf
@article{ishak-2006,
  author	= {S. Ishak and C. Alecsandru and D. Seedah},
  title		= {Improvement and evaluation of cell-transmission model for operational analysis of traffic networks: freeway case study},
  journal	= TRR,
  volume	= {1965},
  number	= {},
  pages 	= {171-182},
  month 	= {},
  year		= {2006},
  url		= {}
}

@misc{ipcc-www,
  key		= {ipcc},
  author	= {},
  title		= {Intergovernmental {P}anel on {C}limate {C}hange web site},
  howpublished  = {http://www.ipcc.ch},
  year		= {accessed 2011}
}

% have pdf
@techreport{ipcc-2007-summary-wg1,
  author	= {{Intergovernmental Panel on Climate Change}},
  title		= {Climate change 2007: the physical science basis, summary For policymakers},
  year		= {2007},
  number	= {},
  type		= {},
  address	= {http://www.ipcc.ch/, accessed 2011},
  institution	= {}
}

@article{illenberger-2011,
  author	= {J. Illenberger and G. Fl\"otter\"od},
  title		= {Estimating properties from snowball sampled networks},
  journal	= {Social Networks},
  volume	= {34},
  number	= {},
  pages 	= {701-711},
  month 	= {},
  year		= {2012},
  url		= {}
}

@article{illenberger-2010,
  author	= {J. Illenberger and G. Fl\"otter\"od and K. Nagel},
  title		= {A model of risk-sensitive route-choice and the potential benefit of route guidance},
  journal	= {{IEEE} Transactions on Intelligent Transportation Systems},
  volume	= {xx},
  number	= {xx},
  pages 	= {xx-xx},
  month 	= {},
  year		= {forthcoming},
  url		= {}
}

@inproceedings{Illenberger-2009,
  author	= {J. Illenberger and G. Fl\"otter\"od and M. Kowald and K. Nagel},
  title		= {A model for spatially embedded social networks},
  booktitle = {Proceedings of 12th International Conference on Travel Behaviour Research},
  year	    = {2009},
  month     = {December},
  address	= {Jaipur, India},
  note      = {}
}

@techreport{illenberger-2008b,
  author	= {J. Illenberger and G. Fl\"otter\"od and K. Nagel},
  title		= {A model of risk-sensitive route-choice behaviour and the potential benefit of route guidance},
  institution	= {Berlin Institute of Technology},
  year		= {2008},
  type		= {},
  number	= {VSP 08-21}
}

@techreport{illenberger-2008,
  author	= {J. Illenberger and G. Fl\"otter\"od and K. Nagel},
  title		= {An approach to correct biases induced by snowball sampling},
  institution	= {Berlin Institute of Technology},
  year		= {2008},
  type		= {},
  number	= {VSP 08-16}
}

@inproceedings{illenberger-2007b,
  author	= {J. Illenberger and G. Fl\"otter\"od and K. Nagel},
  title		= {Enhancing {MATSim} with capabilities of within-day re-planning},
  crossref	= {itsc-2007},
  pages		= {94-99},
  url		= {www.vsp.tu-berlin.de/publications/}
} 

@misc{illenberger-2007,
  author	= {J. Illenberger}, 
  title		= {Agent-Based Modeling of Route Switching Behavior},
  howpublished	= {Student research project, Berlin Institute of Technology},
  year		= {2007}
}

% have pdf
@article{ishak-2006,
  author	= {S. Ishak and C. Alecsandru and D. Seedah},
  title	= {Improvement and evaluation of cell-transmission model for operational analysis of traffic networks: freeway case study},
  journal	= TRR,
  volume	= {1965},
  number	= {},
  pages 	= {171-182},
  month 	= {},
  year	= {2006},
  url		= {}
}

@article{jabari-2012,
  author	= {S.E. Jabari and H.X. Liu},
  title		= {A stochastic model of traffic flow: theoretical foundations},
  journal	= TRB,
  volume	= {46},
  number	= {1},
  pages 	= {156-174},
  month 	= {},
  year		= {2012},
  url		= {}
}

@article{jabari-2012b,
  title = "A stochastic model of traffic flow: Gaussian approximation and estimation ",
  journal = "Transportation Research Part B: Methodological ",
  volume = "47",
  number = "0",
  pages = "15 - 41",
  year = "2013",
  author = "S.E. Jabari and H.X. Liu"
}

@article{jacob-1999,
  author 	= {Jacob, R.R. and M.V. Marathe and K. Nagel},
  title 	= {A computational study of routing algorithms for realistic transportation networks},
  journal 	= {{ACM} Journal of Experimental Algorithms},
  year 		= {1999},
  volume 	= {6},
  number 	= {}
}

@misc{java-www,
  key		= {Java},
  author	= {},
  title		= {Java web site},
  howpublished  = {http://java.sun.com},
  year		= {accessed 2011}
}

% SEEMS TO BE GONE!
@misc{java-collections,
  key		= {javacollections},
  author	= {},
  title		= {Java collections framework web site},
  howpublished  = {http://java.sun.com/j2se/1.5.0/docs/\\guide/collections/overview.html},
  year		= {accessed 2008}
}
 
% have pdf 
@article{jin-2010,
  author	= {W.L. Jin},
  title		= {Continuous kinematic wave models of merging traffic flow},
  journal	= TRB,
  year		= {2010},
  volume	= {44},
  number	= {8-9},
  pages		= {1084-1103},
  month		= {},
  note		= {}
}

% have pdf
@article{jin-2004,
  author	= {W.L. Jin and H.M. Zhang},
  title		= {A multicommodity kinematic wave simulation model of network traffic flow},
  journal	= TRR,
  volume	= {1883},
  number	= {},
  pages 	= {59-67},
  month 	= {},
  year		= {2004},
  url		= {}
}

% have pdf
@article{jin-2003,
  author	= {W.L. Jin and H.M. Zhang},
  title		= {On the distribution schemes for determining flows through a merge},
  journal	= TRB,
  year		= {2003},
  volume	= {37},
  number	= {6},
  pages		= {521-540},
  month		= {},
  note		= {}
}

@article{jones-1998,
  author	= {M.C. Jones and S.K. Vines},
  title		= {Choosing the smoothing parameter for unordered multinomial data},
  journal	= {Sociedad de Estadistica e Investigacion Operativa Test},
  year		= {1998},
  volume	= {7},
  number	= {2},
  pages		= {411-424},
  month		= {},
  note		= {}
}

% have pdf
@unpublished{juengel-2002,
  author	= {A. J\"ungel},
  title		= {Modeling and Numerical Approximation of Traffic Flow Problems},
  note		= {Lecture Notes},
  month		= {},
  year		= {2002}
}  

% have pdf
@inproceedings{julier-1997,
  author	= {S.J. Julier and J.K. Uhlmann},
  title		= {A new extension of the {K}alman filter to nonlinear systems},
  booktitle	= {Proceedings of the 11th Annual International Symposium on Aerospace/Defense Sensing, Simulation, and Controls},
  year		= {1997},
  editor	= {},
  volume	= {},
  number	= {},
  organization	= {},
  series	= {},
  pages		= {182-193},
  publisher	= {},
  address	= {Orlando, Florida, USA},
  month		= {April},
  note		= {}
}

% have pdf
@article{julier-2004,
  author	= {S.J. Julier and J.K. Uhlmann},
  title		= {Unscented filtering and nonlinear estimation},
  journal	= {Proceedings of the IEEE},
  year		= {2004},
  editor	= {},
  volume	= {92},
  number	= {3},
  organization	= {},
  series	= {},
  pages		= {401-422},
  publisher	= {},
  address	= {},
  month		= {},
  note		= {}
}

% have pdf
@article{kalman-1960,
  author	= {R.E. Kalman},
  title		= {A new approach to linear filtering and prediction problems},
  journal	= {Transactions of the ASME -- Journal of Basic Engineering},
  year		= {1960},
  volume	= {82D},
  number	= {},
  pages		= {35-45},
  month		= {},
  note		= {}
}

@article{kamarianakis-2003,
  author	= {Y. Kamarianakis and P. Prastacos},
  title		= {Forecasting traffic flow conditions in an urban network: comparison of multivariate and univariate approaches},
  journal	= TRR,
  year		= {2003},
  volume	= {1857},
  number	= {},
  pages		= {74-84},
  month		= {},
  note		= {}
}

% have paper copy
@incollection{kamata-1991,
  author	= {J. Kamata and T. Oda},
  title		= {Detectors for road traffic},
  pages		= {96-101},
  crossref	= {concise-encyclopedia-1991}
}

@inproceedings{karlstroem-2011,
  author	= {A. Karlstr\"om and M. Fosgerau},
  title		= {Path choice models on static graphs with random edge costs},
  booktitle = {Proceedings of the International Choice Modelling Conference},
  editor	= {},
  year 		= {2011},
  month		= {July},
  address 	= {Leeds, England},
  publisher	= {}
} 

% have pdf
@incollection{kaumann-2000,
  author	= {O. Kaumann and K. Froese and R. Chrobok and J. Wahle and L. Neubert and M. Schreckenberg}, 
  title		= {Online simulation of the freeway network of {NRW}}, 
  booktitle	= {Traffic and Granular Flow '99},
  publisher	= {Springer}, 
  year		= {2000},
  editor	= {D. Helbing and H.J. Hermann and M. Schreckenberg and D.E. Wolf}, 
  volume	= {}, 
  type		= {}, 
  series	= {}, 
  edition	= {}, 
  chapter	= {}, 
  pages		= {351-356}, 
  address	= {}, 
  month		= {},
  note		= {}
}

% have pdf
@inproceedings{keller-1987,
  author	= {H. Keller and G. Ploss},
  title		= {Real-time identification of o-d network flows from counts for urban traffic control},
  pages		= {267-284},
  crossref	= {isttt-1987}
} 

% have pdf
@inproceedings{kerner-2001,
  author	= {B.S. Kerner},
  title		= {Tracing and forecasting of congested patterns for highway traffic management},
  crossref	= {itsc-2001},
  pages		= {88-93}
} 

% have pdf
@misc{kerner-2001b,
  author 	= {B. Kerner},
  title 	= {Verkehrsprognoseverfahren f\"ur ein {V}erkehrsnetz mit verkehrsgeregelten {N}etzknoten ({T}raffic prognosis method for a network with traffic controlled intersections)},
  year 		= {2001},
  howpublished	= {Patentschrift (patent specification) {DE} 199 40 957 C2}
}
 
% have paper copy of part 5 (partially)
@book{kerner-2004,
  author	= {B. Kerner},
  title		= {The Physics of Traffic},
  publisher	= {Springer},
  address	= {},
  year		= {2004},
  isbn		= {3-540-20716-3},
  note		= {Part {IV}: Engineering Applications}
}

% have pdf
@inproceedings{kim-2005,
  author	= {S.-J. Kim and W. Kim and L.R. Rilett},
  title		= {Calibration of micro-simulation models using non-parametric statistical techniques},
  crossref	= {proc-trb-2005}
}

@article{kirkpatrick-1983,
  author	= {S. Kirkpatrick and C.D. Gelatt and M.D. Vecchi},
  title		= {Optimization by simulated annealing},
  journal	= {Science},
  volume	= {220},
  number	= {4598},
  pages 	= {671-680},
  month 	= {},
  year		= {1983},
  url		= {}
}

% have pdf
@inproceedings{kitamura-1996,
  author	= {R. Kitamura},
  title		= {Applications of models of activity behavior for activity based demand forecasting},
  booktitle	= {Proceedings of the Activity-Based Travel Forecasting Conference},
  year		= {1996},
  editor	= {},
  volume	= {},
  organization	= {},
  series	= {},
  pages		= {119-150},
  publisher	= {},
  address	= {New Orleans, LA, USA},
  month		= {June},
  note		= {},
  url		= {}
} 

% have pdf
@article{kitamura-1988,
  author	= {R. Kitamura},
  title		= {An evaluation of activity-based travel analysis},
  journal	= {Transportation},
  volume	= {15},
  number	= {},
  pages 	= {9-34},
  month 	= {},
  year		= {1988},
  url		= {}
}

% VSP
@book{kluegl-2005,
  editor	= {F. Kl{\"u}gl and A. Bazzan and S. Ossowski},
  title		= {Applications of Agent Technology in Traffic and Transportation},
  publisher	= {Birkh{\"a}user},
  year		= {2005},
  isbn		= {3-7643-7258-3}
}

@article{kotsialos-2002,
  author	= {A. Kotsialos and M. Papageorgiou and C. Diakaki and Y. Pavlis and F. Middelham},
  title		= {Traffic flow modeling of large-scale motorway networks using the macroscopic modeling tool {METANET}},
  journal	= {{IEEE} Transactions on Intelligent Transportation Systems},
  volume	= {3},
  number	= {4},
  pages 	= {282-292},
  month 	= {},
  year		= {2002},
  url		= {}
}

@misc{krajzewicz-2006,
  author 	= {D. Krajzewicz and M. Bonert and P. Wagner},
  title 	= {The open source traffic simulation package {SUMO}},
  year 		= {2006},
  howpublished	= {RoboCup 2006 Infrastructure Simulation Competition},
  address   = {Bremen, Germany}
}

% VSP 
@book{kumar-1986,
  author	= {P.R. Kumar and P. Varaiya}, 
  title		= {Stochastic systems. {E}stimation, identification and adaptive control},
  publisher	= {Prentice--{H}all},
  year		= {1986},
  volume 	= {},
  series	= {Prentice--{H}all information and systems sciences series},
  address	= {},
  addition	= {},
  month		= {},
  note		= {}
}

% have pdf
@inproceedings{kurzhanskiy-2010,
  author	= {A.A. Kurzhanskiy and P. Varaiya},
  title		= {Using {A}urora road network modeler for active traffic management},
  booktitle = {Proceedings of the 2010 American Control Conference},
  year		= {2010},
  month		= {June/July},
  address	= {Baltimore, MD, USA},
  note 		= {}
}

% have pdf
@article{kuwahara-2001,
  author	= {M. Kuwahara and T. Akamatsu},
  title		= {Dynamic user optimal assignment with physical queues for a many-to-many {OD} pattern},
  journal	= TRB,
  volume	= {35},
  number	= {5},
  pages 	= {461-479},
  month 	= {},
  year		= {2001},
  url		= {}
}

@techreport{laemmel-2010a,
  author	  = {G. L\"ammel and G. Fl\"otter\"od},
  title		  = {Evacuation simulation with limited capacity sinks},
  institution = {Berlin Institute of Technology \& Ecole Polytechnique F\'ed\'erale de Lausanne},
  year		  = {2010},
  type		  = {},
  number	  = {VSP Working Paper 10-04}
}

@Incollection{laemmel-2009,
  author 	= {G. L\"ammel and G. Fl\"otter\"od},
  title 	= {Towards system optimum: finding optimal routing strategies in time dependent networks for large-scale evacuation problems},
  pages 	= {532-539},
  year 		= {2009},
  editor 	= {B. Mertsching},
  booktitle	= {{KI 2009}: Advances in Artificial Intelligence},
  publisher = {Springer},
  series	= {Lecture Notes in Computer Science},
  address 	= {}
}

@techreport{laemmel-2009a,
  author	= {G. L\"ammel and G. Fl\"otter\"od},
  title		= {Towards system optimum: finding optimal routing strategies in time dependent networks for large-scale evacuation problems},
  institution	= {Berlin Institute of Technology \& Ecole Polytechnique F\'ed\'erale de Lausanne},
  year		= {2009},
  type		= {},
  number	= {TRANSP-OR 090420}
}

% have pdf
@article{lambert-2005,
  author	= {T.J. {Lambert III} and M.A. Epelman and R.L. Smith},
  title		= {A fictitious play approach to large-scale optimization},
  journal	= {Operations Research},
  volume	= {53},
  number	= {3},
  pages 	= {477-489},
  month 	= {},
  year		= {2005},
  url		= {}
}

@book{laplace-1995,
  title={Pierre-Simon Laplace Philosophical Essay on Probabilities},
  author={Laplace, P.S. and Dale, A.I.},
  isbn={9780387943497},
  lccn={94025497},
  series={Sources in the History of Mathematics and Physical Sciences},
  url={http://books.google.com.tw/books?id=vDZzuGcM4DUC},
  year={1995},
  publisher={Springer}
}

% have pdf
@article{lasserre-1983,
  author	= {J.B. Lasserre},
  title		= {An analytical expression and an algorithm for the volume of a convex polyhedron in $\mathbb{R}^n$},
  journal	= {Journal of Optimization Theory and Applications},
  volume	= {39},
  number	= {3},
  pages 	= {363-377},
  month 	= {},
  year		= {1983},
  url		= {}
}

% have pdf
@article{laval-2006,
  author	= {J. Laval and C.F. Daganzo},
  title		= {Lane-changing in traffic streams},
  journal	= TRB,
  volume	= {40},
  number	= {3},
  pages 	= {251-264},
  month 	= {},
  year		= {2006},
  url		= {}
}

% have pdf
@techreport{lawson-1999,
  author	= {T. Lawson and W.H. Lin and M. Cassidy},
  title		= {Validation of the incremental transfer model},
  year		= {1999},
  number	= {UCB-ITS-PWP-99-16},
  type		= {California {PATH} working paper},
  institution	= {Institute of Transportation Studies, University of California, Berkeley}
}

% VSP 
@book{leveque-1992,			 
  author	= {R.J. LeVeque}, 
  title		= {Numerical Methods for Conservation Laws},
  publisher	= {Birkh\"auser},
  year		= {1992},
  volume 	= {},
  series	= {Lectures in {M}athematics: {ETH} Z\"urich},
  address	= {},
  addition	= {},
  month		= {},
  note		= {}
}

% have paper copy
@inproceedings{lebacque-2005,
  author	= {J.P. Lebacque and M.M. Khoshyaran},
  title		= {First--order macroscopic traffic flow models: intersection modeling, network modeling},
  crossref	= {isttt-2005},
  pages		= {365-386}
} 

% have pdf
@inproceedings{lebacque-2003,
  author	= {J.P. Lebacque},
  title		= {Intersection modeling, application to macroscopic network traffic flow models and traffic management},
  booktitle	= {Proceedings of {TFG'03} Traffic and Granular Flow Conference},
  year		= {2003},
  editor	= {},
  volume	= {},
  organization	= {},
  series	= {},
  pages		= {},
  publisher	= {},
  address	= {Delft, The Netherlands},
  month		= {},
  note		= {},
  url		= {}
} 

% have pdf
@InCollection{lebacque-2002,
  author 	= {J.P. Lebacque and M.M. Koshyaran},
  title 	= {First order macroscopic traffic flow models for networks in the context of dynamic assignment},
  pages     = {119-139},
  year      = {2002},
  editor    = {M. Patrikson and M. Labb\'e},
  booktitle	= {Transportation Planning},
  publisher = {Kluwer},
  address   = {},
  note      = {}
}

% have pdf
@InCollection{lebacque-1999,
  author 	= {J.P. Lebacque and J.B. Lesort},
  title 	= {Macroscopic traffic flow models: a question of order},
  pages 	= {3-25},
  crossref	= {isttt-1999}
}

% have pdf
@inproceedings{lebacque-1996,
  author	= {J.P. Lebacque},
  title		= {The {G}odunov scheme and what it means for first order traffic flow models},
  pages		= {647-677},
  crossref	= {isttt-1996}
}

% have pdf
@inproceedings{lebacque-1984,
  author	= {J.P. Lebacque},
  title		= {Semi-macroscopic simulation of urban traffic},
  booktitle	= {Proceedings of the International {AMSE} Conference "Modelling \& Simulation"},
  year		= {1984},
  editor	= {},
  volume	= {4},
  organization	= {},
  series	= {},
  pages		= {273-292},
  publisher	= {},
  address	= {Minneapolis, USA},
  month		= {August},
  note		= {},
  url		= {}
} 

% have pdf
@misc{lee-1996,
  author 	= {S. Lee},
  title 	= {A Cell Transmission Based Assignment-Simulation Model for Integrated Freeway/Surface Street Systems},
  year 		= {1996},
  howpublished	= {Master thesis, Ohio State University}
}

% have pdf
@inproceedings{lee-2001,
  author	= {D.-H. Lee and X. Yang and P. Chandrasekar},
  title		= {Parameter calibration for {PARAMICS} using genetic algorithm},
  crossref	= {proc-trb-2001}
}

% have paper copy
@InCollection{lenzen-2003,
  author 	= {M. Lenzen and C. Dey and C. Hamilton},
  title 	= {Climate change},
  pages 	= {37-60},
  year 		= {2003},
  editor 	= {D.A. Heshner and K.J. Button},
  booktitle	= {Handbook of Transport and the Environment},
  publisher 	= {Elsevier},
  address 	= {},
  note 		= {}
}

% have pdf
@article{li-1999,
  author	= {B. Li and B. {De Moor}},
  title		= {Recursive estimation based on the equality-constrained optimization for intersection origin-destination matrices},
  journal	= TRB,
  volume	= {33},
  number	= {3},
  pages 	= {203-214},
  month 	= {},
  year		= {1999},
  url		= {}
}

% have pdf
@InCollection{liu-2005,
  author 	= {R. Liu},
  title 	= {The {DRACULA} dynamic traffic network microsimulation model},
  pages 	= {23-56},
  year 		= {2005},
  editor 	= {R. Kitamura and M. Kuwahara},
  booktitle	= {Simulation Approaches in Transportation Analysis: Recent Advances and Challenges},
  publisher 	= {Springer},
  address 	= {}
}

% have paper copy
@article{lighthill-1955,
  author	= {M.J. Lighthill and J.B. Witham},
  title		= {On kinematic waves {II}. A theory of traffic flow on long crowded roads},
  journal	= {Proceedings of the Royal Society A},
  volume	= {229},
  number	= {},
  pages 	= {317-345},
  month 	= {},
  year		= {1955},
  url		= {}
}

% have pdf
% doi = {10.1007/s11067-007-9023-x}
@article{liu-2007,
  author	= {H.X. Liu and X. He and B. He},
  title	= {Method of successive weighted averages {(MSWA)} and self-regulated averaging schemes for solving stochastic user equilibrium problem},
  journal	= NSE,
  year	= {2007},
  volume	= {},
  number	= {},
  pages	= {},
  publisher	= {},
  month	= {},
  note	= {}
}

% have pdf
@article{lo-1999,
  author	= {H.P. Lo and N. Zhang and W.H.K. Lam},
  title		= {Decomposition algorithm for statistical estimation of od matrix with random link choice proportions from traffic counts},
  journal	= TRB,
  volume	= {33},
  number	= {5},
  pages 	= {369-385},
  month 	= {},
  year		= {1999},
  url		= {}
}

@InCollection{lo-1999b,
  author 	= {H. Lo},
  title 	= {A dynamic traffic assignment formulation that encapsulates the cell transmission model},
  pages 	= {327-350},
  crossref	= {isttt-1999}
}

% have pdf
@article{lo-1996,
  author	= {H.P. Lo and N. Zhang and W. H. K. Lam},
  title		= {Estimation of an origin-destination matrix with random link choice proportions: a statistical approach},
  journal	= TRB,
  volume	= {30},
  number	= {4},
  pages 	= {309-324},
  month 	= {},
  year		= {1996},
  url		= {}
}

% have pdf
@article{lo-2001,
  author	= {H.K. Lo and E. Chang and Y.C. Chan},
  title		= {Dynamic network traffic control},
  journal	= TRA,
  volume	= {35},
  number	= {8},
  pages 	= {721-744},
  month 	= {},
  year		= {2001},
  url		= {}
}

% have pdf
@article{lo-2003,
  author	= {H. Lo and C. Chan},
  title		= {Simultaneous estimation of an origin-destination matrix and link choice proportions using traffic counts},
  journal	= TRA,
  volume	= {37},
  number	= {9},
  pages 	= {771-788},
  month 	= {},
  year		= {2003},
  url		= {}
}

@inproceedings{logi-2001,
  author 	= {F. Logi and M. Ullrich and H. Keller},
  title 	= {Traffic estimation in {M}unich: practical problems and pragmatical solutions},
  crossref	= {itsc-2001},
  pages		= {416-421}
}

@inproceedings{lorkowski-2005,
  author	= {S. Lorkowski and P. Wagner},
  title		= {Parameter calibration of traffic models in microscopic online simulations},
  crossref	= {proc-trb-2005}
}

% have pdf
@article{lu-2009,
  author	= {C.-C. Lu and H.S. Mahmassani and X. Zhou},
  title		= {Equivalent gap function-based reformulation and solution algorithm for the dynamic user equilibrium problem},
  journal	= TRB,
  volume	= {43},
  number	= {3},
  pages 	= {345-364},
  month 	= {},
  year		= {2009},
  url		= {}
}

% have pdf
@article{lundgren-2008,
  author	= {J.T. Lundgren and A. Peterson},
  title	= {A heuristic for the bilevel origin-destination-matrix estimation problem},
  journal	= TRB,
  volume	= {42},
  number	= {4},
  pages 	= {339-354},
  month 	= {},
  year	= {2008},
  url		= {}
}

% have pdf
% TODO turn this into a technical report
@misc{lumos-2004,
  author 	= {M. Schmidt and B. Kwella and G. Fl\"otter\"od},
  title 	= {{E}ntwicklung und {E}rprobung eines {S}ystems zum fl\"achendeckenden luftgest\"utzten {V}erkehrsmonitoring},
  year 		= {2004},
  howpublished	= {final report of {LUMOS} project}
}

@misc{madsen-2004,
  author 	= {K. Madsen and H.B. Nielsen and O. Tingleff},
  title 	= {Methods for non-linear least squares problems},
  year 		= {2004},
  howpublished	= {Lecture notes, Technical University of Denmark}
}

@inproceedings{marinosson-2002,
  author	= {S. Marinosson and R. Chrobok and A. Pottmeier and J. Wahle and M. Schreckenberg},
  title		= {Simulation framework for the autobahn traffic in {N}orth {R}hine-{W}estphalia},
  booktitle	= {Proceedings of the 5th International Conference on Cellular Automata for Research and Industry},
  year		= {2002},
  editor	= {S. Bandini and B.B. Chopard and M. Tomassini},
  volume	= {}, 
  organization	= {},
  series	= {},
  pages		= {315-324},
  publisher	= {},
  address	= {Geneve, Switzerland},
  month		= {},
  note		= {}
} 

@misc{matlab,
  title 	= {{MATLAB} web site},
  author 	= {},
  year 		= {accessed 2011},
  howpublished	= {www.mathworks.com}
}

@article{manski-1977,
  author	= {C. Manski},
  title 	= {The structure of random utility models},
  journal 	= {Theory and Decision},
  year 		= {1977},
  volume 	= {8},
  pages 	= {229-254}
}

@article{martinez-2008,
  author	= {F. Martinez and F. Aguila and R. Hurtubia},
  title		= {The constrained multinomial logit: A semi-compensatory choice model},
  journal	= TRB,
  note		= {in press},
  volume	= {},
  number	= {},
  pages		= {},
  doi		= {},
  year		= {2008}
}

% have pdf
@techreport{martinez-2006,
  author	= {F. Martinez and J. Rivera},
  title	= {Consumption rights: a market mechanism to redistribute wealth},
  institution = {Department of Economics, University of Chile},
  year	= {2006},
  type	= {},
  number	= {},
  address	= {},
  month	= {},
  note	= {},
  url		= {http://econ.uchile.cl/public/Archivos/pub/244dd9f3-d31d-4c8a-be1b-b215a2b052f1.pdf}
}

% have paper copy
@InCollection{martinez-1991,
  author	= {T. Martinetz and K. Schulten},
  title		= {A "neural-gas" network learns topologies},
  pages 	= {397-402},
  year 		= {1991},
  editor 	= {T. Kohonen and K. M\"akisara and O. Simula and J. Kangas},
  booktitle	= {Artificial Neural Networks},
  publisher 	= {Elsevier},
  address 	= {},
  note 		= {}
}

@inproceedings{matschke-2004a,
  author	= {I. Matschke and K. Heinig and B. Friedrich},
  title		= {Data completition for improved od--estimation},
  booktitle	= {Proceedings of the 12th International Conference on Road Transport Information and Control},
  year		= {2004},
  editor	= {},
  volume	= {}, 
  organization	= {},
  series	= {},
  pages		= {},
  publisher	= {},
  address	= {London, {UK}},
  month		= {April},
  note		= {}
} 

@inproceedings{matschke-2004b,
  author	= {I. Matschke and B. Friedrich and K. Heinig},
  title		= {Data fusion technique in the context of traffic state estimation},
  booktitle	= {Proceedings of the 5th Triennial Symposium on Transportation Analysis},
  year		= {2004},
  editor	= {},
  volume	= {}, 
  organization	= {},
  series	= {},
  pages		= {},
  publisher	= {},
  address	= {Le Gosier, Guadaloupe, French West Indies},
  month		= {June},
  note		= {}
} 

@inproceedings{matschke-2001,
  author	= {I. Matschke and B. Friedrich},
  title		= {Dynamic od estimation using additional information from traffic signal lights timing},
  booktitle	= {Proceedings of the 4th Triennial Symposium on Transportation Analysis},
  year		= {2001},
  editor	= {},
  volume	= {}, 
  organization	= {},
  series	= {},
  pages		= {},
  publisher	= {},
  address	= {Sao Miguel, Azores, Portugal},
  month		= {June},
  note		= {}
} 

@misc{matsim-www,
  key		= {},
  author 	= {K. Nagel and others},
  title 	= {{MATS}im web site},
  year 		= {accessed 2011},
  howpublished	= {http://www.matsim.org}
}

% have paper copy
@article{maher-1983,
  author	= {M. Maher},
  title		= {Inferences on trip matrices from observations on link volumes: a {B}ayesian statistical approach},
  journal	= TRB,
  volume	= {17},
  number	= {6},
  pages 	= {435-447},
  month 	= {},
  year		= {1983},
  url		= {}
}

% have paper copy
@article{maher-2001,
  author	= {M.J. Maher and X. Zhang and D. {Van Vliet}},
  title		= {A bi-level programming approach for trip matrix estimation and traffic control problems with stochastic user equilibrium link flows},
  journal	= TRB,
  volume	= {35},
  number	= {1},
  pages 	= {23-40},
  month 	= {},
  year		= {2001},
  url		= {}
}

% have pdf
@techreport{mahmassani-2004,
  author	= {H.S. Mahmassani and X. Quin and X. Zhou},
  title		= {{DYNASMART}--{X} evaluation for real--time {TMC} application: {I}rvine test bed},
  institution	= {Maryland Transportation Initiative (University of Maryland and College Park, Maryland)},
  year		= {2004},
  type		= {},
  number	= {},
  address	= {},
  month		= {January},
  note		= {}
}

% have paper copy
@article{mahmassani-2001,
  author	= {H. S. Mahmassani},
  title		= {Dynamic network traffic assignment and simulation methodology for advanced system management applications},
  journal	= NSE,
  volume	= {1},
  number	= {3/4},
  pages 	= {267-292},
  month 	= {},
  publisher	= {},
  year		= {2001},
  url		= {}
}

@inproceedings{mahut-2007,
  author	= {X. Tian and M. Mahut and M. Jha and M. Florian},
  title		= {Dynameq application to evaluating the impact of freeway reconstruction},
  booktitle	= proc-trb-2007,
  year		= {2007},
  editor	= {},
  volume	= {},
  organization = {},
  series	= {},
  pages		= {},
  publisher	= {},
  address	= {},
  month		= {},
  note		= {}
}

% have pdf (TRB proceedings)
@article{mahut-2004,
  author	= {M. Mahut and M. Florian and M. Campbell and D. Patman and Z.K. McDaniel},
  title		= {Calibration and application of a simulation-based dynamic traffic assignment model},
  journal	= TRR,
  volume	= {1876},
  number	= {},
  pages 	= {101-111},
  month 	= {},
  publisher	= {},
  year		= {2004},
  url		= {}
}

% have pdf
@inproceedings{meister-2006,
  author	= {K. Meister and M. Balmer and K.W. Axhausen and K. Nagel},
  title		= {planomat: a comprehensive scheduler for a large-scale multi-agent transportation simulation},
  booktitle	= {Proceedings of the 11th International Conference on Travel Behaviour Research},
  year		= {2006},
  editor	= {},
  volume	= {},
  organization	= {},
  series	= {},
  pages		= {},
  publisher	= {},
  address	= {Kyoto},
  month		= {August},
  note		= {}
} 

% have pdf
@article{merchant-1978,
  author	= {D.K. Merchant and G.L. Nemhauser},
  title		= {A model and an algorithm for the dynamic trafic assignment problems},
  journal	= {Transportation Science},
  volume	= {12},
  number	= {3},
  pages 	= {183-199},
  month 	= {},
  year		= {1978},
  url		= {}
}

% have pdf
@article{gning-2011,
  author	= {A. Gning and L. Mihaylova},
  title		= {Interval macroscopic models for traffic networks},
  journal	= {IEEE Transactions on Intelligent Transportation Systems},
  volume	= {},
  number	= {},
  pages 	= {},
  month 	= {},
  year		= {forthcoming},
  url		= {}
}

% have pdf
@inproceedings{mihaylova-2004,
  author	= {L. Mihaylova and R. Boel},
  title		= {A particle filter for freeway traffic estimation},
  booktitle	= {Proceedings of the 43th {IEEE} Conference on Decision and Control},
  year		= {2004},
  editor	= {},
  volume	= {},
  organization	= {},
  series	= {},
  pages		= {2106-2111},
  publisher	= {},
  address	= {Atlantis, Paradise Island, Bahamas},
  month		= {December},
  note		= {}
} 

% have pdf
@article{miller-2004,
  author	= {E. Miller and M.J. Roorda},
  title		= {Prototype model of household activity-travel scheduling},
  journal	= TRR,
  year		= {2004},
  volume	= {1831},
  number	= {},
  pages		= {114-121}
}

@misc{mitsim-www,
  key		= {{MITSIM}},
  author	= {},
  title	= {{MITSIM} web site},
  howpublished  = {http://mit.edu/its/mitsimlab.html},
  year	= {accessed 2011}
}

@misc{mobiball-www,
  key		= {mobiball},
  author	= {},
  title		= {Leitprojekte {M}obilit\"at in {B}allungsr\"aumen (pilot project "mobility in urban centers") web site},
  howpublished  = {http://www.tuvpt.de/abgeschlossene-projekte/mobilitaet-in-ballungsraeumen.html},
  year		= {accessed 2008}
}

% have pdf
@article{monderer-1996,
  author	= {D. Monderer and L.S. Shapley},
  title		= {Fictitious play property for games with identical interests},
  journal	= {Journal of Economic Theory},
  volume	= {68},
  number	= {1},
  pages 	= {258-265},
  month 	= {},
  year		= {1996},
  url		= {}
}

@book{mood-1974,
  author        = {A.M. Mood and F.A. Graybill and D.C. Boes},
  title         = {Introduction to the Theory of Statistics},
  edition       = {3rd edition},
  isbn          = {0070428646},
  publisher     = {McGraw-Hill, New York},
  year          = {1974}
}

% have pdf
@inproceedings{munoz-2006,
  author	= {L. Munoz and X. Sun and R. Horowitz and L. Alvarez},
  title		= {A piecewise-linearized cell transmission model and parameter calibration methodology},
  crossref	= {proc-trb-2006}
} 

% have pdf
@inproceedings{munoz-2004,
  author	= {L. Munoz and X. Sun and D. Sun and G. Gomez nd R. Horowitz},
  title		= {Methodological calibration of the cell transmission model},
  booktitle	= {Proceedings of the American Control Conference},
  year		= {2004},
  editor	= {},
  volume	= {}, 
  organization	= {},
  series	= {},
  pages		= {798-803},
  publisher	= {},
  address	= {Denver, Colorado},
  month		= {June}
} 

% have pdf
@inproceedings{munoz-2003,
  author	= {L. Munoz and X. Sun and R. Horowitz and L. Alvarez},
  title		= {Traffic density estimation with the cell transmission model},
  booktitle	= {Proceedings of the American Control Conference},
  year		= {2003},
  editor	= {},
  volume	= {}, 
  organization	= {},
  series	= {},
  pages		= {3750-3755},
  publisher	= {},
  address	= {Denver, Colorado},
  month		= {June}
} 

@book{morse-1958,
  author	= {P. Morse}, 
  title		= {Queues, inventories and maintenance. The analysis of operational systems with variable demand and supply},
  publisher	= {Wiley},
  year		= {1958},
  volume 	= {},
  series	= {},
  address	= {New York},
  addition	= {},
  month		= {},
  note		= {}
}

@misc{multitude-www,
  key		   = {},
  author	   = {{MULTITUDE}},
  title		   = {{MULTITUDE} web site},
  howpublished = {http://www.multitude-project.eu/},
  year		   = {accessed 2011}
}

@inproceedings{mueller-2010,
  title={Population synthesis for microsimulation: State of the art},
  author={M{\"u}ller, Kirill and Axhausen, Kay W.},
  booktitle={10th Swiss Transport Research Conference, Ascona},
  year={2010},
  organization={ETH Z{\"u}rich, Institut f{\"u}r Verkehrsplanung}
}

@misc{nagel-personal,
  author	= {K. Nagel},
  note		= {personal communication}
}

@incollection{nagel-2012,
  author	= {K. Nagel and G. Fl\"otter\"od}, 
  title		= {Agent-based traffic assignment: going from trips to behavioral travelers},
  booktitle	= {Travel Behaviour Research in an Evolving World},
  publisher	= {Emerald Group Publishing},
  year		= {2012},
  editor	= {R.M. Pendyala and C. Bhat},
  volume	= {},
  type		= {},
  series	= {},
  edition	= {},
  chapter	= {12},
  pages		= {261-293},
  address	= {Bingley, United Kingdom},
  month		= {},
  note		= {}
}

%%%%%

@inproceedings{nagel-2009,
  author	= {K. Nagel and G. Fl\"otter\"od},
  title		= {Agent-based traffic assignment: going from trips to behavioral travelers},
  booktitle = {Proceedings of 12th International Conference on Travel Behaviour Research},
  year	    = {2009},
  month     = {December},
  address	= {Jaipur, India},
  note 		= {Invited resource paper}
}

@incollection{nagel-2007,
  author 	= {K. Nagel and F. Marchal},
  title 	= {Computational methods for multi-agent simulations of travel behaviour},
  pages	= {131-188},
  crossref	= {moving-through-nets-2007}
}

% have pdf
@misc{nagel-2006,
  author 	= {K. Nagel and G. Fl\"otter\"od},
  title 	= {State estimation for traffic simulation},
  year 		= {2006},
  howpublished	= {application for {DFG} funding, granted in May 2007}
}

% have paper copy
@inproceedings{nagel-2005,
  author	= {K. Nagel and P. Nelson},
  title		= {A critical comparison of the kinematic-wave model with observational data},
  pages		= {145-163},
  crossref	= {isttt-2005}
} 

% have paper copy
@incollection{nagel-2001,
  author	= {K. Nagel and K.W. Axhausen}, 
  title		= {Microsimulation},
  booktitle	= {The Leading Edge of Travel Behavior Research},
  publisher	= {Pergamon},
  year		= {2001},
  editor	= {D. Hensher and J. King},
  volume	= {},
  type		= {},
  series	= {},
  edition	= {},
  chapter	= {},
  pages		= {239-246},
  address	= {},
  month		= {},
  note		= {}
}

@article{nagel-1999,
  author	= {K. Nagel},
  title	= {From particle hopping models to traffic flow theory},
  journal	= TRR,
  volume	= {1644},
  number	= {},
  pages 	= {1-9},
  month 	= {},
  publisher	= {},
  year	= {1999},
  url		= {}
}

@inproceedings{nagel-1998,
  author 	= {K. Nagel and M. Rickert and P.M. Simon and M. Pieck},
  title 	= {The dynamics of iterated transportation simulations},
  booktitle	= {Proceedings of the 3rd Triennial Symposium on Transportation Analysis},
  year		= {1998},
  editor	= {},
  volume	= {}, 
  organization	= {},
  series	= {},
  pages		= {},
  publisher	= {},
  address	= {San Juan, Puerto Rico},
  month		= {},
  note		= {}
}

@misc{nearctis-www,
  key		   = {},
  author	   = {{NEARCTIS}},
  title		   = {{NEARCTIS} web site},
  howpublished = {http://www.nearctis.org/},
  year		   = {accessed 2011}
}

% have pdf
@article{nelson-2006,
  author	= {P. Nelson and N. Kumar},
  title		= {Point constriction, interface, and boundary conditions for kinematic-wave model},
  journal	= TRR,
  volume	= {1965},
  number	= {},
  pages 	= {60-69},
  month 	= {},
  year		= {2006},
  url		= {}
}

@article{nelson-1999,
 author = {Nelson, Paul and Raney, Bryan},
 title = {Objectives and Benchmarks for Kinetic Theories of Vehicular Traffic},
 journal = {Transportation Science},
 volume = {33},
 number = {3},
 month = mar,
 year = {1999},
 pages = {298-314}
} 

% have pdf
@article{nesterov-2003,
  author	= {Y. Nesterov and A. de Palma},
  title		= {Stationary dynamic solutions in congested transportation networks: summary and perspectives},
  journal	= NSE,
  year		= {2003},
  volume	= {3},
  number	= {3},
  pages		= {371-395}
}

@article{newell-1993,
  author	= {G.F. Newell},
  title		= {A simplified theory of kinematic waves in highway traffic, part {I}: general theory},
  journal	= TRB,
  year		= {1993},
  volume	= {27},
  number	= {4},
  pages		= {281-287}
}

% upcoming
@misc{neumann-2007,
  author 	= {A. Neumann},
  title 	= {Information Provision Under Uncertainty for Online Applications With a Multi-Agent Simulation},
  year 		= {2008},
  howpublished	= {Student research project, Berlin Institute of Technology}
}

% have pdf
@article{newman-2003,
  author	= {M.E.J. Newman},
  title		= {The structure and function of complex networks},
  journal	= {SIAM Review},
  year		= {2003},
  volume	= {45},
  number	= {2},
  pages		= {167-256}
}

% have pdf
@article{ni-2005,
  author	= {D. Ni and J.D. Leonard},
  title		= {A simplified kinematic wave model at a merge bottleneck},
  journal	= {Applied Mathematical Modelling},
  volume	= {29},
  number	= {11},
  pages 	= {1054-1072},
  month 	= {},
  year		= {2005},
  url		= {}
}

% have TRB pdf
@article{nie-2002,
  author	= {Y. Nie and D.-H. Lee},
  title		= {An uncoupled method for the equilibrium-based linear path flow estimator for origin-destination trip matrices},
  journal	= TRR,
  volume	= {1783},
  number	= {},
  pages 	= {72-79},
  month 	= {},
  year		= {2002},
  url		= {}
}

% have pdf
@article{nie-2005,
  author	= {Y. Nie and H.M. Zhang and W.W. Recker},
  title		= {Inferring origin-destination trip matrices with a decoupled {GLS} path flow estimator},
  journal	= TRB,
  volume	= {39},
  number	= {6},
  pages 	= {497-518},
  month 	= {},
  year		= {2005},
  url		= {}
}

@misc{nie-personal,
  author 	= {Y. Nie},
  title 	= {personal communication},
  year 		= {2010},
  howpublished	= {}
}

% have pdf
@article{nie-2008,
  author	= {Y. Nie and J. Ma and H.M. Zhang},
  title		= {A polymorphic dynamic network loading model},
  journal	= {Computer-Aided Civil and Infrastructure Engineering},
  year		= {2008},
  volume	= {23},
  number	= {2},
  pages		= {86-103}
}

% have pdf
@article{nihan-1987,
  author	= {N.L. Nihan and G.A. Davis},
  title		= {Recursive estimation of origin-destination matrices from input/output counts},
  journal	= TRB,
  volume	= {21},
  number	= {2},
  pages 	= {149-163},
  month 	= {},
  year		= {1987},
  url		= {}
}

@article{noekel-2002,
  author	= {K. N\"okel and M. Schmidt},
  title		= {Parallel {DYNEMO}: meso-scopic traffic flow simulation on large networks},
  journal	= NSE,
  year		= {2002},
  volume	= {2},
  number	= {4},
  pages		= {387-403}
}

@article{noland-2002,
  author	= {R.B. Noland and J.W. Polak},
  title		= {Travel time variability: a review of theoretical and empirical issues},
  journal	= {Transport Reviews},
  year		= {2002},
  volume	= {22},
  number	= {1},
  pages		= {39-54}
}

@misc{olsim-www,
  key		= {olsim},
  author	= {},
  title		= {{OLSIM} web site},
  howpublished  = {http://www.autobahn.nrw.de},
  year		= {accessed 2011}
}

% VSP 
@book{ortuzar-2004,
  author	= {J. Ortuzar and L.G. Willumsen}, 
  title		= {Modelling Transport},
  publisher	= {Wiley},
  year		= {2004},
  volume 	= {},
  series	= {},
  address	= {},
  addition	= {},
  month		= {},
  note		= {}
}

@phdthesis{osorio-phd,
  author	= {C. Osorio},
  title		= {Mitigating network congestion : analytical models, optimization methods and their applications},
  school	= {Ecole Polytechnique F\'ed\'erale de Lausanne},
  year		= {2010},
  note      = {EPFL thesis 4615}
}

@article{osorio-2013b,
  author	= {C. Osorio and G. Fl\"otter\"od},
  title		= {Capturing dependency among link boundaries in a stochastic dynamic network loading model},
  journal	= TS,
  volume	= {},
  number	= {},
  pages 	= {},
  month 	= {},
  year		= {published online in \emph{Articles in Advance}},
  url		= {}
}

@article{osorio-2013,
  author	= {C. Osorio and M. Bierlaire},
  title		= {A simulation-based optimization framework for urban transportation problems},
  journal	= {Operations Research},
  volume	= {61},
  number	= {6},
  pages 	= {1333-1345},
  month 	= {},
  year		= {2013},
  url		= {}
}

% have paper copy
@inproceedings{osorio-2012,
  author	= {C. Osorio and G. Fl\"otter\"od},
  title		= {Capturing queue dependency in an analytical stochastic network loading model},
  pages		= {},
  crossref	= {proc-trb-2012}
} 

@article{osorio-2011a,
  author	= {C. Osorio and G. Fl\"otter\"od and M. Bierlaire},
  title		= {Dynamic network loading: a stochastic differentiable model that derives link state distributions},
  journal	= TRB,
  volume	= {45},
  number	= {9},
  pages 	= {1410-1423},
  month 	= {},
  year		= {2011},
  url		= {}
}

@techreport{osorio-2010d,
  author	= {C. Osorio and G. Fl\"otter\"od and M. Bierlaire},
  title		= {Dynamic network loading: a differentiable model that derives link state distributions},
  institution	= {Transport and Mobility Laboratory, Ecole Polytechnique F\'ed\'erale de Lausanne},
  year		= {2010},
  type		= {},
  number	= {TRANSP-OR 100815},
  address	= {},
  month		= {},
  note		= {}
}

@inproceedings{osorio-2010c,
  author	= {C. Osorio and G. Fl\"otter\"od and M. Bierlaire},
  title		= {Computing full link state distributions in the dynamic network loading problem},
  crossref	= {etc-2010},
  pages		= {}
} 

@inproceedings{osorio-2010b,
  author	= {C. Osorio and G. Fl\"otter\"od and M. Bierlaire},
  title		= {A differentiable dynamic network loading model that yields full link state distributions and accounts for spillback},
  booktitle = {Proceedings of the 3rd International Symposium on Dynamic Traffic Assignment},
  editor	= {},
  year 		= {2010},
  month		= {July},
  address 	= {Takayama, Japan},
  publisher	= {}
} 

@misc{osorio-2010,
  author	= {C. Osorio and G. Fl\"otter\"od and M. Bierlaire},
  title		= {Calibration of structural surrogate models for simulation-based optimization},
  crossref  = {tristan-2010}
}

@inproceedings{osorio-2009,
  author	= {C. Osorio and M. Bierlaire},
  title	= {A multi-model algorithm for the optimization of congested networks},
  booktitle	= {Proceedings of the European Transport Conference},
  year	= {2009},
  address	= {Noordwijkerhout, Netherlands}
}

% have pdf
@techreport{osorio-2008c,
  author	= {C. Osorio and M. Bierlaire},
  title		= {Accounting for congestion and spillbacks in fixed-time traffic signal optimization: an analytical queuing model approach},
  institution	= {Transport and Mobility Laboratory, Ecole Polytechnique F\'ed\'erale de Lausanne},
  year		= {2008},
  type		= {},
  number		= {TRANSP-OR 081026},
  address		= {},
  month		= {},
  note		= {}
}

@inproceedings{osorio-2008b,
  author	= {C. Osorio and M. Bierlaire},
  title		= {Network performance optimization using a queueing network model},
  booktitle	= {Proceedings of the European Transport Conference},
  year		= {2008},
  address	= {Noordwijkerhout, Netherlands}
}

% inconsistent but has been used wrongly before
@article{osorio-2008, 
  author	= {C. Osorio and M. Bierlaire},
  title		= {An analytic finite capacity queuing network model capturing the propagation of congestion and blocking},
  journal	= {European Journal of Operational Research},
  volume	= {196},
  number	= {3},
  pages 	= {996-1007},
  month 	= {},
  year		= {2009},
  url		= {},
  note		= {}
}

% have pdf
@techreport{papageorgiou-2006,
  author	= {M. Papageorgiou},
  title		= {{S}chwierigkeiten bei der {A}nwendung von {O}ptimierungsmethoden im {V}erkehrswesen ({D}ifficulties in the application of optimization methods in transport engineering)},
  institution	= {{OptiV} project},
  year		= {2006},
  type		= {},
  number	= {},
  address	= {http://www.optiv.de, accessed 2008},
  month		= {},
  note		= {}
}

@book{papageorgiou-1996,
  author	= {M. Papageorgiou},
  title		= {Optimierung: statische, dynamische, stochastische Verfahren f\"ur die Anwendung},
  publisher	= {Oldenbourg},
  year		= {1996},
  volume	= {}, 
  series	= {},
  address	= {},
  addition	= {},
  month		= {},
  note		= {exhausted}
}

@book{papoulis-2002,
  author	= {A. Papoulis and S.U. Pillai},
  title		= {Probability, Random Variables and Stochastic Processes},
  publisher	= {McGraw-Hill},
  year		= {2002},
  volume 	= {},
  series	= {McGraw-Hill Series in Electrical and Computer Engineering},
  address	= {},
  addition	= {},
  month		= {},
  note		= {}
}

@misc{paramics-www,
  key          = {Paramics},
  author 	   = {{Quadstone Paramics Ltd.}},
  title 	   = {Paramics web site},
  year 	       = {accessed 2015},
  howpublished = {http://www.paramics-online.com}
}

@inproceedings{park-2005,
  author 	= {B. Park and H. Qi},
  title 	= {Development and evaluation of simulation model calibration procedure},
  crossref	= {proc-trb-2005}
} 

% have pdf
@article{park-2003,
  author	= {B. Park and J.D. Schneeberger},
  title		= {Microscopic simulation model calibration and validation: a case study of {VISSIM} for a coordinated actuated signal system},
  journal	= TRR,
  volume	= {1856},
  number	= {},
  pages		= {185-192},
  month 	= {},
  year		= {2003},
  url		= {}
}


@inproceedings{pan-2010,
  author   = {T. Pan and A. Sumalee and R. Zhong and N. Uno},
  title	   = {The stochastic cell transission model considering spatial and temporal correlations for traffic states prediction},
  booktitle = {Proceedings of the 3rd International Symposium on Dynamic Traffic Assignment},
  editor	= {},
  year 		= {2010},
  month		= {July},
  address 	= {Takayama, Japan},
  publisher	= {}
}

@article{pandawi-2005,
  author	= {S. Pandawi and H. Dia},
  title	= {Comparative evaluation of microscopic car-following behavior},
  journal	= {{IEEE} Transactions on Intelligent Transportation System},
  volume	= {6},
  number	= {3},
  pages 	= {314-325},
  month 	= {},
  year	= {2005},
  url		= {}
}

@misc{path-www,
  key		= {path},
  author	= {},
  title		= {California {PATH} program web site},
  howpublished  = {http://www.path.berkeley.edu},
  year		= {accessed 2011}
}

% have pdf
@article{patriksson-2008,
  author	= {M. Patriksson},
  title		= {On the applicability and solution of bilevel optimization models in transportation science: A study on the existence, stability and computation of optimal solutions to stochastic mathematical programs with equilibrium constraints},
  journal	= TRB,
  volume	= {42},
  number	= {10},
  pages 	= {843-860},
  month 	= {},
  year		= {2008},
  url		= {}
}

@techreport{patterson-2008,
  author	= {Z. Patterson and R. Hurtubia},
  title		= {A Prototype Integrated Transportation Land-use Model for the Lausanne Region},
  institution	= {Transport and Mobility Laboratory, Ecole Polytechnique F\'ed\'erale de Lausanne},
  number	= {},
  year		= {2008}
}

@incollection{payne-1971,
  author 	= {H.J. Payne},
  title 	= {Models of freeway traffic and control},
  booktitle 	= {Mathematical Models of Public Systems},
  pages		= {51-61},
  year 		= {1971},
  volume 	= {1},
  publisher 	= {Simulation Council},
  address 	= {La Jolla, CA, USA}
}

% have pdf
@article{pearson-1966,
  author	= {J.B. Pearson and R. Sridhar},
  title		= {A discrete optimal control problem},
  journal	= {{IEEE} Transactions on Automatic Control},
  volume	= {11},
  number	= {2},
  pages 	= {171-174},
  month 	= {},
  year		= {1966},
  url		= {}
}

@article{peeta-2001,
  author	= {S. Peeta and A.K. Ziliaskopoulos},
  title		= {Foundations of dynamic traffic assignment: the past, the present and the future},
  journal	= NSE,
  volume	= {1},
  number	= {3/4},
  pages 	= {233-265},
  month 	= {},
  publisher	= {},
  year		= {2001},
  url		= {}
}

% have pdf
@article{peeta-1995,
  author	= {S. Peeta and H.S. Mahmassani},
  title	= {System optimal and user equilibrium time-dependent traffic assignment in congested networks},
  journal	= {Annals of Operations Research},
  volume	= {60},
  number	= {},
  pages 	= {81-113},
  month 	= {},
  year	= {1995},
  url		= {}
}

% have pdf
@article{pel-2009,
  author	= {A.J. Pel and M.C.J. Bliemer and S.P. Hoogendoorn},
  title		= {Hybrid route choice modeling in dynamic traffic assignment},
  journal	= TRR,
  volume	= {2091},
  number	= {},
  pages 	= {100-107},
  month 	= {},
  year		= {2009},
  url		= {}
}

% have pdf
@inproceedings{pel-2008,
  author	= {A.J. Pel and M.C.J. Bliemer and S.P. Hoogendoorn},
  title		= {{EVAQ}: a new analytical model for voluntary and mandatory evacuation strategies on time-varying networks},
  pages		= {528-533},
  crossref	= {itsc-2008}
} 

% have pdf
@inproceedings{pottmeier-2004,
  author	= {A. Pottmeier and S.F. Hafstein and R. Chrobok and J. Wahle and M. Schreckenberg},
  title		= {The traffic state of the autobahn network of {N}orth {R}hine--{W}estphalia: an online traffic simulation},
  booktitle	= {Proceedings of the 10th World Congress and Exhibition on Intelligent Transport Systems and Services},
  year		= {2003},
  editor	= {},
  volume	= {2377 (on CD)},
  organization	= {},
  series	= {},
  pages		= {},
  publisher	= {},
  address	= {Madrid, Spain},
  month		= {},
  note		= {}
}

@article{prato-2009b,
author = "C.G. Prato",
title = "Route choice modeling: past, present and future research directions ",
journal = "Journal of Choice Modelling ",
volume = "2",
number = "1",
pages = "65 - 100",
year = "2009",
note = "",
issn = "1755-5345",
doi = "http://dx.doi.org/10.1016/S1755-5345(13)70005-8",
url = "http://www.sciencedirect.com/science/article/pii/S1755534513700058"
}

@inproceedings{prato-2009,
  author   = {C.G. Prato},
  title	   = {Assessing the influence of objective choice sets on route choice model estimates and predictions},
  booktitle = {Proceedings of 12th International Conference on Travel Behaviour Research},
  year	    = {2009},
  month     = {December},
  address	= {Jaipur, India},
  note      = {}
}

% 2. auflage
@book{rade-1997,
  author	= {L. Rade and B. Westgren}, 
  title		= {Mathematische Formeln. Taschenbuch f\"ur Ingenieure, Naturwissenschaftler, Wirtschaftswissenschaftler},
  publisher	= {Springer},
  year		= {1997},
  volume 	= {},
  series	= {},
  address	= {},
  addition	= {},
  month		= {},
  note		= {original: BETA Mathematics Handbook for Science and Engineering (3rd edition), 1995, Rade and Westgren}
}

% have pdf
@InCollection{raj-2008,
  author 	= {A. Raj and A. Subramanya and D. Fox and J. Bilmes},
  title 	= {{R}ao-{B}lackwellized particle filers for recognizing activities and spatial context from wearable sensors},
  pages 	= {211-221},
  year 		= {2008},
  editor 	= {B. Siciliano and O. Khatib and F. Groen},
  booktitle	= {Experimental Robotics},
  publisher = {Springer},
  address 	= {}
}

% have pdf (pre-version from kai)
@phdthesis{ramming-phd,
  author	= {M.S. Ramming},
  title		= {Network Knowledge and Route Choice},
  school	= {Massachusetts Institute of Technology},
  year		= {2002}
}

% have pdf
@article{ran-1993,
  author	= {B. Ran and D.E. Boyce and L. {LeBlanc}},
  title		= {A new class of instantaneous dynamic user-optimal traffic assignment models},
  journal	= {Operations Research},
  volume	= {41},
  number	= {1},
  pages 	= {192-202},
  month 	= {},
  year		= {1993},
  url		= {}
}

@incollection{raney-2006,
  author 	= {B. Raney and K. Nagel},
  title 	= {An improved framework for large-scale multi-agent simulations of travel behavior},
  booktitle 	= {Towards better performing European Transportation Systems},
  publisher 	= {Routledge},
  year		= {2006},
  pages		= {305-347},
  editor 	= {P. Rietveld and B. Jourquin and K. Westin},
  address	= {},
  note		= {}
}

@ARTICLE{rasouli-2014,
title = {Activity-based models of travel demand: promises, progress and prospects},
author = {Rasouli, Soora and Timmermans, Harry},
year = {2014},
journal = {International Journal of Urban Sciences},
volume = {18},
number = {1},
pages = {31-60}
}

% have pdf
@article{recker-2001,
  author	= {W.W. Recker},
  title		= {A bridge between travel demand modeling and activity-based travel analysis},
  journal	= TRB,
  volume	= {35},
  number	= {5},
  pages 	= {481-506},
  month 	= {},
  year		= {2001},
  url		= {}
}

% have pdf
@inproceedings{reinartz-2005,
  author	= {P. Reinartz and T. Krauss and M. P\"otsch and H. Runge and S. Zuev},
  title		= {Traffic monitoring with serial images from airborne cameras},
  booktitle	= {{ISPRS} Workshop: High-Resolution Earth Imaging for Geospatial Information},
  year		= {2005},
  editor	= {},
  volume	= {},
  organization	= {},
  series	= {},
  pages		= {},
  publisher	= {},
  address	= {Hannover},
  month		= {May},
  note		= {}
} 

% have pdf
@article{richards-1956,
  author	= {P.I. Richards},
  title		= {Shock waves on highways},
  journal	= {Operations Research},
  volume	= {4},
  number	= {},
  pages 	= {42-51},
  month 	= {},
  year		= {1956},
  url		= {}
}

@article{rieser-2007b,
  author	= {M. Rieser and K. Nagel},
  title	= { Network breakdown "at the edge of chaos" in multi-agent traffic simulations},
  journal	= {The European Physical Journal B -- Condensed Matter and Complex Systems},
  volume	= {63},
  number	= {3},
  pages 	= {321-327},
  month 	= {},
  year	= {2008},
  url		= {}
}

% have pdf
@phdthesis{rieser-phd,
  author	= {M. Rieser},
  title		= {Adding Transit to an Agent-Based Transportation Simulation -- Concepts and Implementation},
  school	= {Technical University of Berlin},
  year		= {2010}
}

% have paper copy
@inproceedings{rieser-2007,
  author	= {M. Rieser and K. Nagel and U. Beuck and M. Balmer and J. R\"umenapp},
  title		= {Truly agent-oriented coupling of an activity-based demand generation with a multi-agent traffic simulation},
  crossref	= {proc-trb-2007}
}

% have pdf
@article{robin-2008,
  author	= {Th. Robin and G. Antonini and M. Bierlaire and J. Cruz},
  title	= {Specification, estimation and validation of a pedestrian walking behavior model},
  journal	= TRB,
  volume	= {43},
  number	= {1},
  pages 	= {36-56},
  month 	= {},
  year	= {2009}
}

% have pdf
@article{robins-2007,
  author	= {G. Robins and P. Pattison and Y. Kalish and D. Lusher},
  title	= {An introduction to exponential random graph ($p^*$) models for social networks},
  journal	= {Social Networks},
  volume	= {29},
  number	= {2},
  pages 	= {173-191},
  month 	= {},
  year	= {2007},
  url		= {}
}

% have paper copy 
@incollection{rosswog-2000,
  author	= {S. Rosswog and P. Wagner}, 
  title		= {{Car--SHP}: a {L}agrangian particle scheme for the solution of the macroscopic traffic flow equations},
  booktitle	= {Traffic and Granular Flow '99: Social, Traffic, and Granular Dynamics},
  publisher	= {Springer},
  year		= {2000},
  editor	= {D. Helbing and H.J. Herrmann and M. Schreckenberg and D.E. Wolf},
  volume	= {}, 
  type		= {}, 
  series	= {}, 
  edition	= {}, 
  chapter	= {}, 
  pages		= {401-406},
  address	= {},
  month		= {},
  note		= {}
}

% have pdf
@misc{rommel-2007,
  author 	= {C. Rommel},
  title 	= {Automatic Feedback Control Applied to Microscopically Simulated Traffic},
  year 		= {2007},
  howpublished	= {Master thesis, University of Uppsala}
}

@book{ross-2006,
  author	= {S.M. Ross},
  title		= {Simulation},
  publisher	= {Elsevier},
  year		= {2006},
  volume 	= {},
  series	= {},
  address	= {Oxford},
  addition	= {},
  month		= {},
  edition	= {fourth},
  note		= {}
}

% have pdf
@InCollection{rouphail-1999,
  author 	= {N. Rouphail and A. Tarko and J. Li},
  title 	= {Chapter 9: Traffic Flow at Signalized Intersections},
  pages 	= {},
  year 		= {1999},
  editor 	= {N.H. Gartner and C.J. Messer and A. Rathi},
  booktitle	= {Monograph on Traffic Flow Theory},
  publisher = {Oak Ridge National Laboratory, Federal Highway Administration},
  address 	= {}
}

@inproceedings{rubio-ardanaz-2001,
  author	= {J.M. Rubio-Ardanaz and J.H. Wu and M. Florian},
  title		= {A numerical analytical model for the continuous dynamic network equilibrium problem with limited capacity and spill back},
  booktitle	= {Proceedings of the 2001 {IEEE} Intelligent Transportation Systems Conference},
  year		= {2001},
  editor	= {},
  volume	= {},
  organization	= {},
  series	= {},
  pages		= {},
  publisher	= {},
  address	= {Oakland, USA},
  month		= {August},
  note		= {}
} 

% have pdf
@article{salvini-2005,
  author	= {P. Salvini and E.J. Miller},
  title		= {{ILUTE}: an operational prototype of a comprehensive microsimulation model of urban systems},
  journal	= NSE,
  volume	= {5},
  number	= {2},
  pages 	= {217-234},
  month 	= {},
  year		= {2005},
  url		= {}
}

% have pdf
@inproceedings{schaefer-2002,
  author	= {R.-P. Sch\"afer and K.-U. Thiessenhusen and P. Wagner},
  title		= {A traffic information system by means of real-time floating-car data},
  booktitle	= {Proceedings of the {ITS} World Congress},
  year		= {2002},
  editor	= {},
  volume	= {}, 
  organization	= {},
  series	= {},
  pages		= {},
  publisher	= {},
  address	= {Chicago, USA},
  month		= {October},
  note		= {},
  url		= {}
} 

% have paper copy
@incollection{schreckenberg-1999,
  author	= {R. Barlovic and J. Esser and K. Froese and W. Knospe and L. Neubert and M. Schreckenberg and J. Wahle}, 
  title		= {Online traffic simulation with cellular automata},
  pages		= {117-134},
  crossref	= {traffic-and-mobility-1999}
}

@article{schuessler-2009,
  author	= {N. Sch\"ussler and K.W. Axhausen},
  title		= {Processing raw data from global positioning systems without additional information},
  journal	= TRR,
  volume	= {2105},
  number	= {},
  pages 	= {28-36},
  month 	= {},
  year		= {2009},
  url		= {}
}

@inproceedings{schuessler-2009b,
  author   = {N. Sch\"ussler and K.W. Axhausen},
  title	   = {Accounting for route overlap in urban and suburban route choice decisions derived from {GPS} observations},
  booktitle = {Proceedings of 12th International Conference on Travel Behaviour Research},
  year	    = {2009},
  month     = {December},
  address	= {Jaipur, India},
  note      = {}
}

@phdthesis{schuessler-phd,
  author	= {N. Sch\"ussler},
  title		= {Accounting for similarities between alternatives in discrete choice models based on high-resolution observations of transport behaviour},
  school	= {Swiss Federal Institute of Technology Zurich},
  year		= {2010}
}

@misc{scopus-www,
  key		= {},
  author 	= {Elsevier},
  title 	= {Scopus web site},
  year 		= {accessed 2011},
  howpublished	= {http://www.scopus.com}
}

% have pdf
@InCollection{schmidt-2007,
  author 	= {T. Schmidt},
  title 	= {Coping with copulas},
  pages 	= {},
  year 		= {2007},
  editor 	= {J. Rank},
  booktitle	= {Copulas: from theory to application in finance},
  publisher = {Risk Books},
  address 	= {}
}

% have pdf
@article{sevcikova-2007,
  author	= {H. Sevcikova and A.E. Raftery and P.A. Waddell},
  title		= {Assessing uncertainty in urban simulations using {B}ayesian melding},
  journal	= TRB,
  volume	= {41},
  number	= {6},
  pages 	= {652-669},
  month 	= {},
  year		= {2007},
  url		= {}
}

% have paper copy
@book{sheffi-1985,
  author	= {Y. Sheffi}, 
  title		= {Urban Transportation Networks: Equilibrium Analysis with Mathematical Programming Methods},
  publisher	= {Prentice-Hall},
  year		= {1985},
  volume 	= {},
  series	= {},
  address	= {},
  addition	= {},
  month		= {},
  note		= {}
}

% have pdf
@article{sherali-1994,
  author	= {H.D. Sherali and R. Sivanandan and A.G. Hobeika},
  title		= {A linear programming approach for synthesizing origin-destination trip tables from link traffic volumes},
  journal	= TRB,
  volume	= {28},
  number	= {3},
  pages 	= {213-233},
  month 	= {},
  year		= {1994},
  url		= {}
}

% have pdf
@article{sherali-1997,
  author	= {H.D. Sherali and A.Narayan and R. Sivanandan},
  title		= {Estimation of origin-destination trip-tables based on a partial set of traffic link volumes},
  journal	= TRB,
  volume	= {37},
  number	= {9},
  pages 	= {815-836},
  month 	= {},
  year		= {2003},
  url		= {}
}

% have pdf
@article{sherali-2001,
  author	= {H.D. Sherali and T. Park},
  title		= {Estimation of dynamic origin-destination trip tables for a general network},
  journal	= TRB,
  volume	= {35},
  number	= {3},
  pages 	= {217-235},
  month 	= {},
  year		= {2001},
  url		= {}
}

% have pdf
@techreport{shlens-2009,
  author	= {J. Shlens},
  title	= {A tutorial on principal component analysis},
  institution = {Center for Neural Science, New York University and Systems Neurobiology Laboratory, Salk Institute for Biological Studies},
  year	= {2009},
  type	= {},
  number	= {},
  address	= {},
  month	= {},
  note	= {},
  url		= {http://www.snl.salk.edu/~shlens/pub/notes/pca.pdf}
}

@article{simon-1999,
  author	= {P. M. Simon and J. Esser and K. Nagel},
  title		= {Simple queueing model applied to the city of {P}ortland},
  journal	= {International Journal of Modern Physics C},
  year		= {1999},
  volume	= {10},
  number	= {5},
  pages		= {941-960},
  month		= {},
  note		= {}
}

% have pdf
@inproceedings{shladover-2006,
  author	= {S.E. Shladover},
  title		= {{PATH} at 20 -- history and major milestones},
  pages		= {584-592},
  crossref	= {itsc-2006}
} 

% have pdf
@incollection{skutella-2008,
  author	= {M. Skutella}, 
  title	= {An introduction to network flows over time}, 
  booktitle	= {Research Trends in Combinatorial Optimization}, 
  publisher	= {Springer},
  year	= {2008},
  editor	= {W. Cook and L. Lovasz and J. Vygen},
  volume	= {}, 
  type	= {}, 
  series	= {}, 
  edition	= {}, 
  chapter	= {21}, 
  pages	= {451-482}, 
  address	= {},
  month	= {},
  note	= {}
}

% have pdf
@article{smola-2004,
  author	= {A.J. Smola and B. Sch\"onkopf},
  title		= {A tutorial on support vector regression},
  journal	= {Statistics and Computing},
  volume	= {14},
  number	= {3},
  pages 	= {199-222},
  month 	= {},
  year		= {2004},
  url		= {}
}

@incollection{sobolev-2001,
  author	= {V.I. Sobolev}, 
  title	= {Brouwer theorem},
  booktitle	= {Encyclopedia of Mathematics},
  publisher	= {Kluwer},
  year	= {2001},
  editor	= {M. Hazewinkel}, 
  volume	= {},
  type	= {},
  series	= {},
  edition	= {},
  chapter	= {},
  pages	= {},
  address	= {},
  month	= {},
  note	= {}
}

% have pdf
@article{soederstroem-2002,
  author	= {T. S\"oderstr\"om and P. Stoica},
  title		= {Instrumental variable methods for system identification},
  journal	= {Circuits, Systems, and Signal Processing},
  year		= {2002},
  volume	= {21},
  number	= {1},
  pages		= {1-9},
  month		= {},
  note		= {}
}

% have pdf
@phdthesis{sondergaard-phd,
  author	= {J. S{\o}ndergaard},
  title		= {Optimization using surrogate models -- by the space mapping technique},
  school	= {Technical University of Denmark, DTU},
  year		= {2003}
}

% have pdf
@article{sorensen-1970,
  author	= {H. W. Sorensen},
  title		= {Least-squares estimation: from {G}auss to {K}alman},
  journal	= {IEEE Spectrum},
  year		= {1970},
  volume	= {7},
  number	= {},
  pages		= {63-68},
  month		= {July},
  note		= {}
}

% have pdf
@article{spall-1992,
  author	= {J.C. Spall},
  title	= {Multivariate stochastic approximation using a simultaneous pertubation gradient approximation},
  journal	= {{IEEE} Transactions on Automatic Control},
  volume	= {37},
  number	= {3},
  pages 	= {332-341},
  month 	= {},
  year	= {1992},
  url		= {}
}

% have paper copy
@article{spiess-1987,
  author	= {H. Spiess},
  title		= {A maximum likelihood model for estimating origin-destination models},
  journal	= TRB,
  volume	= {21},
  number	= {5},
  pages 	= {395-412},
  month 	= {},
  year		= {1987},
  url		= {}
}

@article{sumalee-2011,
  author	= {A. Sumalee and R.X. Zhong and T.L. Pand and W.Y. Szeto},
  title		= {Stochastic cell transmission model {(SCTM)}: a stochastic dynamic traffic model for traffic state surveillance and assignment},
  journal	= TRB,
  volume	= {45},
  number	= {3},
  pages 	= {507-533},
  month 	= {},
  year		= {2011},
  url		= {}
}

@inproceedings{sumalee-2010,
  author   = {A. Sumalee and R. Zhong and T. Pan and T. Iryo and W.H.K. Lam},
  title	   = {Stochastic cell transission model for traffic network with demand and supply uncertainties},
  booktitle = {Proceedings of the 3rd International Symposium on Dynamic Traffic Assignment},
  editor	= {},
  year 		= {2010},
  month		= {July},
  address 	= {Takayama, Japan},
  publisher	= {}
}

@inproceedings{sumalee-2009,
  author	= {A. Sumalee and R. Zhong and W.Y. Szeto and T. Pan},
  title		= {Stochastic cell transmission model: traffic state modeling under uncertainties},
  crossref  = {proc-trb-2009}
}

@inproceedings{sumalee-2008,
  author	= {A. Sumalee and R. Zhong and W.Y. Szeto and T. Pan},
  title		= {Stochastic cell transmission model under demand and supply uncertainties},
  booktitle	= {Proceedings of the International Symposium on Dynamic Traffic Assignment},
  year		= {2008},
  editor	= {},
  volume	= {}, 
  organization	= {},
  series	= {},
  pages		= {},
  publisher	= {},
  address	= {Leuven, Belgium},
  month		= {June},
  note		= {},
  url		= {}
}
 
@misc{sumo-www,
  key		= {},
  author	= {{SUMO}},
  title		= {{SUMO} web site},
  howpublished	= {http://sumo.sourceforge.net},
  year		= {accessed 2011}
}

% have pdf
@inproceedings{sun-2003,
  author	= {X. Sun and L. Munoz and R. Horowitz},
  title		= {Highway traffic state estimation using improved mixture {K}alman filters for effective ramp metering control},
  booktitle	= {Proceedings of the 42th {IEEE} Conference on Decision and Control},
  year		= {2003},
  editor	= {},
  volume	= {},
  organization	= {},
  series	= {},
  pages		= {6333-6338},
  publisher	= {},
  address	= {Maui, Hawaii, USA},
  month		= {},
  note		= {}
} 

% have pdf
@techreport{sun-2000,
  author	= {C. Sun},
  title		= {Dynamic origin/destination estimation using true section densitites},
  institution	= {University of California},
  year		= {2000},
  type		= {{C}alifornia {PATH} research report {UCB}--{ITS}--{PRR}--2000--5},
  number	= {},
  address	= {},
  month		= {},
  note		= {}
}

@misc{sustaincity-www,
  key		= {},
  author	= {{SustainCity}},
  title		= {{SustainCity} web site},
  howpublished	= {http://www.sustaincity.eu},
  year		= {accessed 2011}
}

@inproceedings{tampere-2010c,
  author	= {C.M.J. Tampere and F. Viti},
  title		= {Dynamic traffic assignment under equilibrium and non-equilibrium: do we need a paradigm shift?},
  crossref  = {dta-2010}
}

% have pdf
@article{tampere-2010b,
  author	= {C.M.J. Tampere and R. Corthout and D. Cattrysse and L.H. Immers},
  title		= {A generic class of first order node models for dynamic macroscopic simulations of traffic flows},
  journal	= TRB,
  volume	= {45},
  number	= {1},
  pages 	= {289-309},
  month 	= {},
  year		= {2011},
  url		= {}
}

@inproceedings{tampere-2010,
  author	= {C.M.J. Tampere and R. Courthout and F. Viti and D. Cattrysse},
  title		= {Link transmission model: an efficient dynamic network loading algorithm with realistic node and link behaviour},
  crossref  = {tristan-2010}
} 

% have pdf
@inproceedings{tampere-2007,
  author	= {C.M.J. Tampere and L.H. Immers},
  title		= {An extended {K}alman filter application for traffic state estimation using {CTM} with implicit mode switching and dynamic parameters},
  crossref	= {itsc-2007},
  pages		= {209-216}
} 

@article{tampere-2003,
  author	= {C.M.J. Tampere and B. {van Arem} and S.P. Hoogendoorn},
  title		= {Gas-kinetic flow modeling including continuous driver behavior models},
  journal	= TRR,
  volume	= {1852},
  number	= {},
  pages 	= {231-238},
  month 	= {},
  year		= {2003},
  url		= {}
}

% have pdf
@article{taylor-2003,
  author	= {N.B. Taylor},
  title		= {The {CONTRAM} dynamic traffic assignment model},
  journal	= NSE,
  volume	= {3},
  pages 	= {297-322},
  year		= {2003}
}

% have pdf
@article{tong-2000,
  author	= {C.O. Tong and S.C. Wong},
  title		= {A predictive dynamic traffic assignment model in congested capacity-constrained road networks},
  journal	= TRB,
  volume	= {34},
  number	= {8},
  pages 	= {625-644},
  month 	= {},
  year		= {2000},
  url		= {}
}

% have pdf
@book{train-2003,
  author	= {K.E. Train}, 
  title		= {Discrete Choice Methods with Simulation},
  publisher	= {Cambridge University Press},
  year		= {2003},
  volume 	= {},
  series	= {},
  address	= {},
  addition	= {},
  month		= {},
  note		= {}
}

@misc{transcad-www,
  key			= {{TRANSCAD}},
  author 		= {{Caliper Corporation}},
  title 		= {{TransCAD} web site},
  year 			= {accessed 2011},
  howpublished	= {http://www.caliper.com/tcovu.htm}
}

@misc{transmodeler-www,
  key		    = {{TRANSMODELER}},
  author	    = {{Caliper}},
  title	        = {{TransModeler} web site},
  howpublished  = {http://www.caliper.com/transmodeler/},
  year	        = {accessed 2015}
}

@misc{transims-www,
  key		= {},
  author 	= {{TRANSIMS}},
  title 	= {{TRANSIMS} web site},
  year 		= {accessed 2011},
  howpublished	= {http://transims-opensource.net/}
}

% have pdf
@incollection{treiber-2003,
  author	= {M. Treiber and D. Helbing}, 
  title		= {An adaptive smoothing method for traffic state identification from incomplete information}, 
  booktitle	= {Interface and Transport Dynamics: Computational Modelling}, 
  publisher	= {Springer},
  year		= {2003},
  editor	= {H. Emmerich and B. Nestler and M. Schreckenberg},
  volume	= {}, 
  type		= {}, 
  series	= {}, 
  edition	= {}, 
  chapter	= {}, 
  pages		= {343-360}, 
  address	= {},
  month		= {},
  note		= {}
}

% have pdf
@article{treiber-2002,
  author	= {M. Treiber and D. Helbing},
  title		= {Reconstructing the spatio-temporal traffic dynamics from stationary detector data},
  journal	= {Cooperative Transportation Dynamics},
  year		= {2002},
  volume	= {1},
  number	= {},
  pages		= {3.1-3.24},
  month		= {},
  note		= {}
}

% have pdf
@InCollection{troutbeck-1999b,
  author 	= {R.J. Troutbeck and W. Brilon},
  title 	= {Chapter 8: Unsignalized Intersection Theory},
  pages 	= {},
  year 		= {1999},
  editor 	= {N.H. Gartner and C.J. Messer and A. Rathi},
  booktitle	= {Monograph on Traffic Flow Theory},
  publisher = {Oak Ridge National Laboratory, Federal Highway Administration},
  address 	= {}
}

% have pdf
@article{troutbeck-1999,
  author	= {R. Troutbeck and S. Kako},
  title		= {Limited priority merge at unsignalized intersections},
  journal	= TRA,
  volume	= {33},
  number	= {3-4},
  pages 	= {291-304},
  month 	= {},
  year		= {1999},
  url		= {}
}

% have paper copy
@article{unnikrishnan-2009,
  author	= {A. Unnikrishnan and S.T. Waller},
  title		= {User equilibrium with recourse},
  journal	= NSE,
  volume	= {9},
  number	= {4},
  pages 	= {575-593},
  month 	= {},
  year		= {2009},
  url		= {}
}

@misc{urbansim-www,
  author	= {Urban{S}im},
  title		= {Urban{S}im web site},
  howpublished  = {http://www.urbansim.org},
  year		= {accessed 2011}
}

@article{vanderzijpp-2001,
  author	= {N.J. van der Zijpp and C.D.R. Lindveld},
  title	    = {Estimation of origin-destination demand for dynamic assignment with simultaneous route and departure time choice},
  journal	= TRR,
  volume	= {1771},
  number	= {},
  pages 	= {75-82},
  month 	= {},
  year	    = {2001},
  url		= {}
}

% have pdf
@article{vanegas-2009,
  author	= {C. Vanegas and D. Aliaga and B. Benes and P. Waddell},
  title		= {Interactive design of urban spaces using geometrical and behavioral modeling},
  journal	= {{ACM} Transactions on Graphics {(TOG)}, also {ACM SIGGRAPH Asia}},
  volume	= {28},
  number	= {5},
  pages 	= {},
  month 	= {},
  year		= {2009},
  url		= {}
}

@inproceedings{vanhinsbergen-2009,
  author	= {C.P.IJ. {van Hinsbergen} and C.M.J. Tampere and J.W.C. {van Lint} and H.J. {van Zuylen}},
  title		= {Urban intersections in first order models with the {G}odunov scheme},
  booktitle	= {Proceedings of {mobil.TUM 2009} -- International Scientific Conference on Mobility and Transport -- {ITS} for large Cities},
  year		= {2009},
  editor	= {},
  volume	= {}, 
  organization	= {},
  series	= {},
  pages		= {},
  publisher	= {},
  address	= {Munich, Germany},
  month		= {May},
  note		= {},
  url		= {}
} 

@inproceedings{vanhinsbergen-2008,
  author	= {C. {van Hinsbergen} and F. Zuurbier and H. {van Lint} and H. {van Zuylen}},
  title		= {Macroscopic modelling of intersection delay with linearly decreasing turn capacities},
  booktitle	= {Proceedings of the International Symposium on Dynamic Traffic Assignment},
  year		= {2008},
  editor	= {},
  volume	= {}, 
  organization	= {},
  series	= {},
  pages		= {},
  publisher	= {},
  address	= {Leuven, Belgium},
  month		= {June},
  note		= {},
  url		= {}
} 

% have pdf
@article{vaze-2009,
  author	= {V. Vaze and C. Antoniou and Y. Wen and M. Ben-Akiva},
  title		= {Calibration of dynamic traffic assignment models with point-to-point traffic surveillance},
  journal	= TRR,
  volume	= {2090},
  number	= {},
  pages 	= {1-9},
  month 	= {},
  year		= {2009},
  url		= {}
}

@misc{vissim-www,
  key		    = {{VISSIM}},
  author	    = {{PTV AG}},
  title	        = {{VISSIM} web site},
  howpublished  = {http://vision-traffic.ptvgroup.com/en-us/products/ptv-vissim/},
  year	        = {accessed 2015}
}

@misc{visum-www,
  key		    = {{VISUM}},
  author	    = {{PTV AG}},
  title	        = {{VISUM} web site},
  howpublished  = {http://www.ptvag.com/software/transportation-planning-traffic-engineering/software-system-solutions/visum/},
  year	        = {accessed 2010}
}

@misc{vm2010-www,
  key		= {vm2010},
  author	= {},
  title		= {Forschungsschwerpunkt {V}erkehrsmanagement 2010 (research focus "traffic management 2010") web site},
  howpublished  = {http://www.vm2010.de},
  year		= {accessed 2008}
}

% have pdf
@phdthesis{vortisch-phd-ger,
  author	= {P. Vortisch},
  title		= {Modellunterst\"utzte Messwertpropagierung zur Verkehrslagesch\"atzung in Stadtstrassennetzen},
  school	= {Universit\"at Karlsruhe (TH)},
  year		= {2005}
}

% have pdf
@phdthesis{vortisch-phd,
  author	= {P. Vortisch},
  title		= {Modellunterst\"utzte Messwertpropagierung zur Verkehrslagesch\"atzung in Stadtstrassennetzen ({M}odel-Supported Propagation of Measured Values for Real-Time Traffic State Estimation in Urban Road Networks)},
  school	= {Universit\"at Karlsruhe (TH)},
  year		= {2005},
  note		= {English version available at http://www.ptvamerica.com/docs/ModelSupportedProp.pdf, accessed 2008}
}

% have paper copy. TODO karlsruhe is location of conference, koln is address of publisher!
@inproceedings{vortisch-2002,
  author	= {P. Vortisch and S. Hengst},
  title		= {{U}mlegungsbasierte {M}esswertpropagierung zur {V}erkehrszustandsberechnung},
  booktitle	= {{HEUREKA} '02 {T}agungsbericht},
  year		= {2002},
  editor	= {},
  volume	= {}, 
  organization	= {},
  series	= {},
  pages		= {209-215},
  publisher	= {{FGSV} {V}erlag},
  address	= {Karlsruhe, {G}ermany},
  month		= {March},
  note		= {}
}

@inproceedings{vovsha-2004,
  author	= {P. Vovsha and M. Bradley and J.L. Bowman},
  title		= {Activity-based travel forecasting models in the {U}nited {S}tates: progress since 1995 and prospects for the future},
  booktitle	= {Proceedings of the {EIRASS} Conference on Progress in Activity-Based Analysis},
  year		= {2004},
  editor	= {},
  volume	= {}, 
  organization	= {},
  series	= {},
  pages		= {},
  publisher	= {},
  address	= {Maastricht, The Netherlands},
  month		= {May},
  note		= {},
  url		= {}
} 

% have pdf
@TechReport{vrtic-2004,
  author	= {M. Vrtic and K.W. Axhausen and M.G. H. Bell and S. Grosso and W. Matthews},
  title		= {Methoden zu {E}rstellung und {A}ktualisierung von {W}unschlinienmatrizen im motorisierten {I}ndividualverkehr -- Methods for estimating and updating of origin-destination matrices from traffic counts},
  institution	= {Bundesamt f\"ur Strassen, {UEVK}, Bern},
  year		= {2004},
  type		= {},
  number	= {2000/379},
  note		= {}
}

% have paper copy
@article{van-zuylen-1980,
  author	= {H. van Zuylen and L. G. Willumsen},
  title		= {The most likely trip matrix estimated from traffic counts},
  journal	= TRB,
  volume	= {14},
  number	= {3},
  pages 	= {281-293},
  month 	= {},
  year		= {1980},
  url		= {}
}

@misc{visum-manual,
  author	= {{PTV AG}},
  title		= {{B}enutzerhandbuch {VISUM} 9.2 (user manual)},
  howpublished	= {},
  year		= {2004}
}

@misc{vmz-berlin-www,
  key		= {vmzberlin},
  author	= {},
  title		= {{VMZ} {B}erlin web site},
  howpublished  = {http://www.vmzberlin.de},
  year		= {accessed 2008}
}


% have pdf
@article{waddell-2007,
  author	= {P. Waddell and G.F. Ulfarsson and J.P. Franklin and J. Lobb},
  title		= {Incorporating land use in metropolitan transportation planning},
  journal	= TRA,
  volume	= {41},
  number	= {5},
  pages 	= {382-410},
  month 	= {},
  publisher	= {},
  year		= {2007},
  url		= {}
}

@inproceedings{waddell-2005,
  author	= {P. Waddell and H. Sevcikova and D. Socha and E. Miller and K. Nagel},
  title		= {Opus: an open platform for urban simulation},
  booktitle	= {Proceedings of the Computers in Urban Planning and Urban Management Conference},
  year		= {2005},
  editor	= {},
  volume	= {}, 
  organization	= {},
  series	= {},
  pages		= {},
  publisher	= {},
  address	= {London, UK},
  month		= {June},
  note		= {},
  url		= {}
} 

% have pdf
@InCollection{waddell-2004,
  author 	= {P. Waddell and G.F. Ulfarsson},
  title 	= {Introduction to urban simulation: design and development of operational models},
  pages 	= {203-236},
  year 		= {2004},
  editor 	= {D.A. Hensher and K. Button},
  booktitle	= {Transport Geography and Spatial Systems. Handbook 5 of the Handbook in Transport},
  publisher = {Pergamon/Elsevier Science},
  address 	= {}
}

@article{wahle-2002,
  author	= {J. Wahle and R. Chrobok and A. Pottmeier and M. Schreckenberg},
  title		= {A microscopic simulator for freeway traffic},
  journal	= NSE,
  volume	= {2},
  number	= {4},
  pages 	= {371-386},
  month 	= {},
  publisher	= {},
  year		= {2002},
  url		= {}
}

@article{wahle-2002b,
  author	= {J. Wahle and A.L.C. Bazzan and F. Kl\"ugl and M. Schreckenberg},
  title		= {The impact of real-time information in a two-route scenario using agent-based simulation},
  journal	= TRC,
  volume	= {10},
  number	= {5/6},
  pages 	= {399-417},
  month 	= {},
  publisher	= {},
  year		= {2002},
  url		= {}
}

@inproceedings{wang-2006,
  author	= {Y. Wang and M. Papageorgiou and A. Messmer},
  title		= {{RENAISSANCE}: a real-time freeway network traffic surveillance tool},
  crossref	= {itsc-2006},
  pages		= {839-844}
} 

@article{wang-2005,
  author	= {Y. Wang and M. Papageorgiou},
  title		= {Real-time freeway traffic state estimation based on extended {K}alman filter: a general approach},
  journal	= TRB,
  volume	= {39},
  number	= {2},
  pages 	= {141-167},
  month 	= {},
  year		= {2005},
  url		= {}
}

@inproceedings{wang-2005a,
  author	= {Y. Wang and M. Papageorgiou and A. Messmer},
  title		= {An adaptive freeway traffic state estimator and its real-data testing part {I}: basic properties},
  crossref	= {itsc-2005},
  pages		= {531-536}
} 

@inproceedings{wang-2005b,
  author	= {Y. Wang and M. Papageorgiou and A. Messmer},
  title		= {An adaptive freeway traffic state estimator and its real-data testing part {II}: adaptive capabilities},
  crossref	= {itsc-2005},
  pages		= {537-542}
} 

% have paper copy
@article{watling-2003,
  author	= {D. Watling and M.L. Hazelton},
  title		= {The dynamics and equilibria of day-to-day assignment models},
  journal	= NSE,
  volume	= {3},
  number	= {3},
  pages		= {349-370},
  month 	= {},
  year		= {2003},
  url		= {}
}

% have pdf
@InCollection{wegener-2004,
  author 	= {M. Wegener},
  title 	= {Overview of land-use transport models},
  pages 	= {127-146},
  year 		= {2004},
  editor 	= {D.A. Hensher and K. Button},
  booktitle	= {Transport Geography and Spatial Systems. Handbook 5 of the Handbook in Transport},
  publisher = {Pergamon/Elsevier Science},
  address 	= {}
}

% have pdf
@article{wen-2006,
  author	= {Y. Wen and R. Balakrishna and M. Ben-Akiva and S. Smith},
  title		= {Online deployment of dynamic traffic assignment: architecture and run-time management},
  journal	= {{IEE} Proceedings Intelligent Transport Systems},
  volume	= {153},
  number	= {1},
  pages 	= {76-84},
  month 	= {},
  year		= {2006},
  url		= {}
}

% have paper copy
@incollection{willumsen-1991,
  author	= {L.G. Willumsen}, 
  title		= {Origin-destination matrix: static estimation},
  pages		= {315-322},
  crossref	= {concise-encyclopedia-1991}
}

@inproceedings{wynn-2001,
  author	= {H.P. Wynn and N. Parkin},
  title		= {Sensitivity analysis and identifiability for differential equation models},
  booktitle	= {Proceedings of the 40th {IEEE} Conference on Decision and Control},
  year		= {2001},
  editor	= {},
  volume	= {}, 
  organization	= {},
  series	= {},
  pages		= {},
  publisher	= {},
  address	= {Orlando, Florida, USA},
  month		= {December},
  note		= {},
  url		= {}
} 

@misc{xml-www,
  key		= {{XML web site}},
  author	= {},
  title	= {{E}xtensible {M}arkup {L}anguage {XML} web site},
  howpublished  = {http://www.w3.org/XML/},
  year	= {accessed 2011}
}

% have pdf
@article{yang-1992,
  author	= {H. Yang and T. Sasaki and Y. Iida},
  title		= {Estimation of origin-destination matrices from link traffic counts on congested networks},
  journal	= TRB,
  volume	= {26},
  number	= {6},
  pages 	= {417-434},
  month 	= {},
  year		= {1992},
  url		= {}
}

% have paper copy?
@article{yang-1995,
  author	= {H. Yang},
  title		= {Heuristic algorithms for the bilevel origin/destination matrix estimation problem},
  journal	= TRB,
  volume	= {29},
  number	= {4},
  pages 	= {231-242},
  month 	= {},
  year		= {1995},
  url		= {}
}


% have pdf
@phdthesis{yperman-phd,
  author	= {I. Yperman},
  title		= {The link transmission model for dynamic network loading},
  school	= {Katolieke Universiteit Leuven},
  year		= {2007}
}

% have pdf
@inproceedings{yperman-2007,
  author	= {I. Yperman and C. Tampere and B. Immers},
  title		= {A kinematic wave dynamic network loading model including intersection delays},
  crossref	= {proc-trb-2007}
}

% have pdf
@inproceedings{yperman-2006,
  author	= {I. Yperman and S. Logghe and C. Tampere and B. Immers},
  title		= {The multi-commodity link transmission model for dynamic network loading},
  crossref	= {proc-trb-2006}
}

@inproceedings{yperman-2006b,
  author	= {I. Yperman and C. Tampere},
  title		= {Multi-commodity dynamic network loading with kinematic waves and intersection delays},
  booktitle	= {Proceedings of the 2nd International Symposium on Dynamic Traffic Assignment},
  year		= {2006},
  editor	= {},
  volume	= {}, 
  organization	= {},
  series	= {},
  pages		= {},
  publisher	= {},
  address	= {Leuven, Belgium},
  month		= {June},
  note		= {}
} 

@phdthesis{yperman-phd_Chap4,
  author	= {I. Yperman},
  title		= {The link transmission model for dynamic network loading},
  school	= {Katolieke Universiteit Leuven},
  year		= {2007},
  note          = {Chapter 4}
}

% have pdf
@inproceedings{zhang-2001,
  author	= {H.M. Zhang and W.H. Lin},
  title		= {Some recent developments in traffic flow theory},
  pages		= {548-553},
  booktitle	= {Proceedings of the {IEEE} Intelligent Transportation Systems Conference},
  year		= {2001},
  editor	= {},
  volume	= {}, 
  organization	= {},
  series	= {},
  publisher	= {},
  address	= {Oakland (CA), USA},
  month		= {August},
  note		= {}
} 

% have pdf
@article{zhang-2008,
  author	= {K. Zhang and H.S. Mahmassani and C.-C. Lu},
  title		= {Probit-based time-dependent stochstic user equilibrium traffic assignment model},
  journal	= TRR,
  volume	= {2085},
  number	= {},
  pages 	= {86-94},
  month 	= {},
  year		= {2008},
  url		= {}
}


@article{zhou-2014,
  author	= {X. Zhou and J. Taylor},
  title		= {{DTALite}: A queue-based mesoscopic traffic simulator for fast model evaluation and calibration},
  journal	= {Cogent Engineering},
  volume	= {1},
  number	= {1},
  pages 	= {},
  month 	= {},
  year		= {2014},
  url		= {}
}

% have pdf
@phdthesis{zhou-phd,
  author	= {X. Zhou},
  title		= {Dynamic Origin-Destination Demand Estimation and Prediction for Off-Line and On-Line Dynamic Traffic Assignment Operation},
  school	= {University of Maryland, College Park},
  year		= {2004}
}

% have pdf
@article{zhou-2007,
  author	= {X. Zhou and H.S. Mahmassani},
  title		= {A structural state space model for real-time traffic origin-destination demand estimation and prediction in a day-to-day learning framework},
  journal	= TRB,
  volume	= {41},
  number	= {8},
  pages 	= {823-840},
  month 	= {},
  year		= {2007},
  url		= {}
}

@inproceedings{zhou-2002,
  author	= {C. Zhou and P. Nelson},
  title		= {Predicting traffic congestion using recurrent neural networks},
  booktitle	= {Proceedings of the 9th World Congress on Intelligent Transport Systems},
  year		= {2002},
  editor	= {},
  volume	= {},
  organization	= {},
  series	= {},
  pages		= {},
  publisher	= {},
  address	= {Chicago, USA},
  month		= {},
  note		= {}
} 

@inproceedings{ziemke-2015,
  author	= {D. Ziemke and K. Nagel and C. Bhat},
  title		= {Integrating {CEMDAP} and {MATSim} to increase the transferability of transport demand models},
  crossref = {proc-trb-2015}	
} 

@inproceedings{ziliaskopoulos-1997,
  author	= {A.K. Ziliaskopoulos and S. Lee},
  title	= {A cell transmission based assignment simulation model for integrated freeway/surface street systems},
  crossref	= {proc-trb-1997}
}

% ====================================================================================================

@incollection{concise-encyclopedia-1991,
  booktitle	= {Concise Encyclopedia of Traffic and Transportation Systems},
  publisher	= {Pergamon},
  year		= {1991},
  editor	= {M. Papageorgiou}
}

@incollection{human-behaviour-2004,
  year 		= {2004},
  editor 	= {M. Schreckenberg and R. Selten},
  booktitle	= {Human Behaviour and Traffic Networks},
  publisher = {Springer},
  address 	= {},
  note 		= {}
}

@incollection{pedestrian-dynamics-2002,
  year 	= {2002},
  editor 	= {M. Schreckenberg and S.D. Sharma},
  booktitle	= {Pedestrian and Evaculation Dynamics},
  publisher = {Springer},
  address 	= {},
  note 	= {}
}

@incollection{moving-through-nets-2007,
  year	= {2007},
  editor 	= {K.W. Axhausen},
  booktitle = {Moving Through Nets: The Physical and Social Dimensions of Travel. Selected Papers from the 10th International Conference on Travel Behaviour Research},
  publisher = {Elsevier},
  address	= {},
  note	= {}
}

@inproceedings{etc-2010,
  booktitle = {Proceedings of the European Transport Conference},
  year	    = {2010},
  month  	= {October},
  address	= {Glasgov, Scotland, UK},
  note      = {}
}

@misc{tristan-2010,
  howpublished = {The 7th Triennial Symposium on Transportation Analysis {TRISTAN VII}},
  year 		   = {2010},
  month		   = {June},
  address 	   = {Troms{\o}, Norway}
}

@proceedings{dta-2010,
  booktitle = {Proceedings of the 3rd International Symposium on Dynamic Traffic Assignment},
  editor	= {},
  year 		= {2010},
  month		= {July},
  address 	= {Takayama, Japan},
  publisher	= {}
}

@proceedings{isttt-1987,
  booktitle = {Proceedings of the 10th International Symposium on Transportation and Traffic Theory},
  editor	= {N.H. Gardner and N.H.M. Wilson},
  year 		= {1987},
  month		= {July},
  address 	= {Cambridge, Massachusetts, USA},
  publisher	= {Elsevier}
}

@proceedings{isttt-1996,
  booktitle = {Proceedings of the 13th International Symposium on Transportation and Traffic Theory},
  title = {Proceedings of the 13th International Symposium on Transportation and Traffic Theory},
  editor	= {J.-B. Lesort},
  year 		= {1996},
  address	= {Lyon, France},
  month		= {July},
  publisher	= {Pergamon}
}

@proceedings{isttt-1999,
  booktitle = {Proceedings of the 14th International Symposium on Transportation and Traffic Theory},
  editor	= {A. Ceder},
  year 		= {1999},
  month		= {July},
  address 	= {Jerusalem, Israel},
  publisher	= {Pergamon}
}

@proceedings{isttt-2005,
  booktitle = {Proceedings of the 16th International Symposium on Transportation and Traffic Theory},
  editor	= {H.S. Mahmassani},
  year 		= {2005},
  month		= {July},
  address 	= {Maryland, USA},
  publisher	= {Elsevier}
}

@proceedings{itsc-2001,
  booktitle = {Proceedings of the 4th {IEEE} Intelligent Transportation Systems Conference},
  year 		= {2001},
  month		= {August},
  address 	= {Oakland, CA, USA}
}

@proceedings{itsc-2002,
  booktitle = {Proceedings of the 5th {IEEE} Intelligent Transportation Systems Conference},
  year 		= {2002},
  month		= {},
  address 	= {}
}

@proceedings{itsc-2003,
  booktitle = {Proceedings of the 6th {IEEE} Intelligent Transportation Systems Conference},
  year 		= {2003},
  month		= {October},
  address 	= {Shanghai}
}

@proceedings{itsc-2004,
  booktitle = {Proceedings of the 7th {IEEE} Intelligent Transportation Systems Conference},
  year 		= {2004},
  month		= {},
  address 	= {}
}

@proceedings{itsc-2005,
  booktitle = {Proceedings of the 8th {IEEE} Intelligent Transportation Systems Conference},
  year 		= {2005},
  month		= {September},
  address 	= {Vienna, Austria}
}

@proceedings{itsc-2006,
  booktitle = {Proceedings of the 9th {IEEE} Intelligent Transportation Systems Conference},
  year 		= {2006},
  address	= {Toronto, Canada},
  month		= {September}
}

@proceedings{itsc-2007,
  booktitle = {Proceedings of the 10th {IEEE} Intelligent Transportation Systems Conference},
  year 		= {2007},
  address	= {Seattle, USA},
  month		= {September/October}
}

@proceedings{itsc-2008,
  booktitle = {Proceedings of the 11th {IEEE} Intelligent Transportation Systems Conference},
  year 		= {2008},
  address	= {Beijing, China},
  month		= {October}
}

@proceedings{proc-trb-1997,
  booktitle = {Proceedings of the 76. Annual Meeting of the Transportation Research Board},
  year 		= {1997},
  month		= {},
  address 	= {Washington, DC, USA}
}

@proceedings{proc-trb-1998,
  booktitle = {Proceedings of the 77. Annual Meeting of the Transportation Research Board},
  year 		= {1998},
  month		= {},
  address 	= {Washington, DC, USA}
}

@proceedings{proc-trb-1999,
  booktitle = {Proceedings of the 78. Annual Meeting of the Transportation Research Board},
  year 		= {1999},
  month		= {},
  address 	= {Washington, DC, USA}
}

@proceedings{proc-trb-2000,
  booktitle = {Proceedings of the 79. Annual Meeting of the Transportation Research Board},
  year 		= {2000},
  month		= {},
  address 	= {Washington, DC, USA}
}

@proceedings{proc-trb-2001,
  booktitle = {Proceedings of the 80. Annual Meeting of the Transportation Research Board},
  year 		= {2001},
  month		= {},
  address 	= {Washington, DC, USA}
}

@proceedings{proc-trb-2002,
  booktitle = {Proceedings of the 81. Annual Meeting of the Transportation Research Board},
  year 		= {2002},
  month		= {},
  address 	= {Washington, DC, USA}
}

@proceedings{proc-trb-2003,
  booktitle = {Proceedings of the 82. Annual Meeting of the Transportation Research Board},
  year 		= {2003},
  month		= {},
  address 	= {Washington, DC, USA}
}

@proceedings{proc-trb-2004,
  booktitle = {Proceedings of the 83. Annual Meeting of the Transportation Research Board},
  year 		= {2004},
  month		= {},
  address 	= {Washington, DC, USA}
}

@proceedings{proc-trb-2005,
  booktitle = {Proceedings of the 84. Annual Meeting of the Transportation Research Board},
  year 		= {2005},
  month		= {},
  address 	= {Washington, DC, USA}
}

@proceedings{proc-trb-2006,
  booktitle = {Proceedings of the 85. Annual Meeting of the Transportation Research Board},
  year 		= {2006},
  month		= {},
  address 	= {Washington, DC, USA}
}

@proceedings{proc-trb-2007,
  booktitle = {Proceedings of the 86. Annual Meeting of the Transportation Research Board},
  year 		= {2007},
  month		= {},
  address 	= {Washington, DC, USA},
}

@proceedings{proc-trb-2008,
  booktitle = {Proceedings of the 87. Annual Meeting of the Transportation Research Board},
  year 		= {2008},
  month		= {},
  address 	= {Washington, DC, USA}
}

@proceedings{proc-trb-2009,
  booktitle = {Proceedings of the 88. Annual Meeting of the Transportation Research Board},
  year 		= {2009},
  month		= {},
  address 	= {Washington, DC, USA}
}

@proceedings{proc-trb-2010,
  booktitle = {Proceedings of the 89. Annual Meeting of the Transportation Research Board},
  year 		= {2010},
  month		= {},
  address 	= {Washington, DC, USA}
}

@proceedings{proc-trb-2011,
  booktitle = {Proceedings of the 90. Annual Meeting of the Transportation Research Board},
  year 		= {2011},
  month		= {},
  address 	= {Washington, DC, USA}
}

@proceedings{proc-trb-2012,
  booktitle = {Proceedings of the 91. Annual Meeting of the Transportation Research Board},
  year 		= {2012},
  month		= {},
  address 	= {Washington, DC, USA}
}

@proceedings{proc-trb-2013,
  booktitle = {Proceedings of the 92. Annual Meeting of the Transportation Research Board},
  year 		= {2013},
  month		= {},
  address 	= {Washington, DC, USA}
}

@proceedings{proc-trb-2014,
  booktitle = {Proceedings of the 93. Annual Meeting of the Transportation Research Board},
  year 		= {2014},
  month		= {},
  address 	= {Washington, DC, USA}
}

@proceedings{proc-trb-2015,
  booktitle = {Proceedings of the 94. Annual Meeting of the Transportation Research Board},
  year 		= {2015},
  month		= {},
  address 	= {Washington, DC, USA}
}

@proceedings{strc-2010,
  booktitle = {Proceedings of the 10th Swiss Transport Research Conference},
  year		= {2010},
  address	= {Monte Verita/Ascona, Switzerland},
  month		= {September}
}

@proceedings{strc-2009,
  booktitle = {Proceedings of the 9th Swiss Transport Research Conference},
  year		= {2009},
  address	= {Monte Verita/Ascona, Switzerland},
  month		= {September}
}

@proceedings{strc-2007,
  booktitle = {Proceedings of the 7th Swiss Transport Research Conference},
  year		= {2007},
  address	= {Monte Verita/Ascona, Switzerland},
  month		= {September}
}

@proceedings{strc-2003,
  booktitle	= {Proceedings of the 3rd Swiss Transport Research Conference},
  year		= {2003},
  address	= {Monte Verita/Ascona, Switzerland},
  month		= {March}
}

@incollection{traffic-and-mobility-1999,
  booktitle	= {Traffic and Mobility: Simulation--Economics--Environment},
  publisher	= {Springer},
  year		= {1999},
  editor	= {W. Brilon and F. Huber and M. Schreckenberg and H. Wallentowitz}
}
